2768 4740
122 236 190 292 rssr
670 246 727 307 151

118 412 186 484 quin
207 412 331 473 libenter
360 415 397 470 sit
424 430 469 471 mo
498 414 660 474 auditurus.
702 415 760 473 Oro
789 417 886 488 itaque
908 417 1039 476 Vestram
1062 417 1269 477 celsitudinem

118 492 253 588 supplex,
276 521 308 574 ut
329 532 392 573 eum
415 519 538 589 primum
561 525 591 577 et
611 519 737 578 audierit
761 519 936 578 cardinalem
959 521 1052 594 ipsum
1074 538 1136 580 esse
1156 525 1185 579 in
1206 521 1269 581 fini-

118 620 172 678 bus
194 620 265 694 (seio
286 638 343 679 non
365 623 463 680 venire
485 639 538 693 per
558 640 647 696 equos
668 624 838 700 dispositos)
870 625 1006 697 dignetur
1025 627 1161 686 mandare
1181 627 1268 685 alicui

117 741 153 781 ex
178 726 244 797 suis,
266 733 298 784 ut
318 742 363 783 me
385 724 420 782 de
443 744 477 784 eo
498 730 652 786 certiorem
673 728 769 800 saciet,
791 747 856 788 nam
877 732 974 789 statim
994 747 1183 791 accurrerem.

197 828 343 902 Farellus,
365 829 442 888 Beza
463 835 494 887 et
517 830 655 903 collegoe¹
676 831 875 903 significarunt
896 833 964 891 mihi
984 850 1037 904 per
1056 834 1178 906 litteras,
1199 835 1268 909 quid

116 937 205 1003 agant
224 932 252 990 in
274 949 372 992 eorum
393 934 548 1008 legatione.
583 936 678 1006 Quare
701 936 778 993 volui
801 954 856 993 uno
872 937 960 995 uerbo
976 937 1267 997 Celsitudinih'estrae

117 1035 261 1105 iudicare,
291 1054 336 1096 rue
363 1045 496 1109 paratum
519 1053 581 1094 osse
603 1037 730 1095 laborem
758 1038 838 1096 illum
866 1040 895 1096 in
916 1040 1039 1098 Gallieni
1060 1059 1112 1116 pro
1133 1040 1267 1101 membris

116 1137 225 1196 Christi
246 1138 461 1212 proficiscendi,
490 1140 513 1196 si
536 1139 620 1197 modo
641 1140 762 1198 idoneus
783 1142 883 1199 videor
904 1149 934 1199 et¹
955 1146 1114 1203 eonsultum
1136 1142 1268 1205 rideato'r

117 1242 231 1301 Vestrae
253 1244 438 1314 celsitudini,
468 1250 499 1302 ut
520 1262 573 1317 ego
595 1245 651 1302 ista
672 1246 819 1318 legatione
842 1247 953 1322 fungar.
995 1248 1061 1306 Sum
1085 1256 1168 1308 notus
1195 1251 1266 1324 regi,

115 1345 209 1404 habeo
230 1350 337 1407 amicos
358 1348 418 1407 illic
439 1347 554 1405 minime
576 1348 687 1420 impios,
708 1367 761 1407 nec
781 1368 896 1423 paucos.
937 1352 966 1410 Si
988 1371 1049 1410 snm
1070 1353 1201 1423 idoneus,
1222 1356 1265 1411 iu-

115 1467 218 1523 quam,
247 1453 361 1510 lebores
383 1470 438 1511 non
455 1452 608 1540 detrecto,
636 1470 699 1511 narn
721 1459 789 1527 puto
812 1457 961 1515 evanuisse
982 1460 1160 1517 occasionem
1182 1459 1266 1518 Polo-

119 1557 190 1614 uicae
213 1556 366 1628 legationis
378 1555 397 1613 ².
439 1556 614 1615 Commendo
636 1576 680 1616 me
702 1567 871 1618 reverenter
893 1561 1004 1621 Vestrae
1026 1562 1205 1622 Celsitudini.

122 1660 127 1669 ’
195 1663 337 1735 Tubingao
358 1665 376 1716 4
397 1662 569 1721 Novembris
594 1667 676 1722 1557.

1019 1768 1184 1840 Vergerius.

657 2036 703 2089 55.

416 2155 543 2240 Herzog
567 2155 741 2239 Christoph
768 2179 809 2221 an
834 2155 966 2242 Verger.

455 2285 601 2359 stuttgart
620 2288 639 2343 S
661 2286 824 2346 November
848 2290 929 2346 1557.

185 2408 316 2461 Antwort
335 2406 386 2460 aul
402 2424 427 2459 n.
448 2406 491 2460 52.
510 2408 551 2462 53.
571 2409 613 2462 54.

192 2507 247 2564 Dei
268 2508 363 2579 gratia
383 2506 607 2580 Christophorus
628 2508 695 2565 Dux
718 2506 1021 2580 Wdrttembergensis.

193 2611 331 2670 Salutem.
372 2610 543 2669 Reverende
564 2609 645 2668 nobis
666 2609 771 2668 dilecte
793 2628 826 2669 ao
847 2610 953 2669 fidelis!

193 2712 396 2785 Superioribus
417 2712 517 2770 diebus
538 2713 700 2784 accepimus
721 2717 820 2770 ternas
847 2713 975 2786 litteras,
1003 2713 1121 2772 archis
1142 2712 1262 2772 diversis

111 2819 291 2891 temporibus
313 2819 443 2891 scriptas.
484 2816 530 2874 hd
551 2832 621 2888 quas
642 2816 727 2874 citius
749 2816 1012 2890 respondissemus,
1034 2821 1088 2877 nisi
1108 2816 1262 2878 multitudo

112 2921 293 2994 negotiorum
324 2923 437 2994 aliaque
466 2919 671 2994 impedimenta
701 2921 888 2979 obstitissent.
928 2920 974 2981 Ad
1005 2938 1124 2996 quarum
1151 2922 1263 2995 singula

111 3026 210 3099 capita
226 3027 286 3098 jam
308 3027 406 3099 paucis
427 3024 487 3084 haeo
507 3024 639 3098 accipite.

195 3131 320 3189 Primum
341 3137 479 3202 quautam
500 3130 536 3188 ad
558 3129 703 3203 sponsalia
724 3136 822 3186 vestra
842 3131 962 3196 attinet,
985 3132 1162 3202 gratulamur
1182 3129 1262 3189 vobis

112 3234 172 3305 illa,
195 3251 294 3292 rerum
316 3235 392 3307 quod
413 3235 513 3307 petitis
543 3234 621 3293 robis
652 3236 758 3305 licere,
792 3242 824 3291 ut
855 3235 926 3292 ritus
952 3235 1160 3307 conjunctionis
1186 3236 1264 3295 domi

112 3345 217 3396 rostrae
239 3345 325 3411 51555
347 3339 387 3396 ita
408 3340 540 3409 privatim
562 3339 735 3409 celebretur,
758 3341 786 3395 in
808 3355 843 3396 eo
866 3338 955 3396 multa
972 3338 1261 3399 inconvenientiano·

112 3443 156 3502 bis
172 3442 383 3501 consideranda
398 3445 524 3516 veniunt,
547 3450 666 3517 propter
688 3461 750 3516 qum
772 3445 865 3501 minus
886 3443 940 3501 hoc
960 3441 1082 3514 probare
1103 3461 1262 3517 possumus.

190 3677 201 3728 1
222 3674 287 3745 Vgl.
307 3692 334 3728 n.
353 3676 396 3727 49.
433 3673 513 3736 Besa,
534 3673 628 3736 derel,
649 3671 759 3726 Carmel
778 3672 836 3725 und
854 3672 966 3728 Budtus
985 3689 1079 3728 waren
1097 3690 1195 3744 wegen
1213 3674 1263 3728 dor

113 3761 317 3816 entsetzlichen
346 3760 531 3831 verfolgung,
560 3759 665 3815 welche
694 3758 739 3814 die
762 3759 987 3832 Evangelischeu
1013 3759 1197 3814 Frankreiehs
1223 3759 1260 3812 im

112 3847 278 3918 September
296 3848 385 3902 durch
403 3846 486 3901 einen
506 3846 614 3902 sunaus
623 3847 652 3900 in
666 3846 716 3900 der
728 3846 822 3903 stralle
835 3848 875 3903 st.
884 3849 1004 3918 lacquos
1016 3846 1154 3917 getroffen
1173 3847 1260 3908 hatte,

112 3935 256 3990 aberrnals
276 3935 347 3989 nach
366 3935 558 3991 Deutsohlend
577 3934 698 4006 gemini,
727 3934 827 3989 hatten
852 3936 868 3989 8
886 3934 1006 3989 October
1024 3933 1054 3987 in
1073 3933 1183 3988 Worms
1200 3930 1260 3986 ihre

111 4023 245 4093 auliegeu
270 4040 317 4076 um
343 4024 534 4095 verwendung
559 4023 755 4094 vorgebrecht.
791 4023 840 4078 Boi
865 4022 967 4091 herzog
986 4020 1134 4090 christoph
1160 4021 1259 4073 hatten

111 4109 151 4165 sie
170 4110 242 4165 ende
256 4110 381 4166 October
392 4111 423 4165 in
432 4110 569 4171 Wildbed
589 4109 708 4166 audiena
725 4111 782 4168 und
795 4111 908 4166 wardon
922 4126 976 4164 von
994 4107 1053 4161 ihm
1070 4107 1131 4161 aufe
1150 4106 1260 4163 freund·

111 4194 213 4250 iichste
234 4195 415 4266 empiaugen.

181 4283 379 4341 2Smwa
