2768 4740
139 265 206 319 1555
680 270 739 330 117

134 440 231 498 comiti
253 455 348 497 coram
370 441 432 498 Doo
454 445 483 498 et
504 441 610 499 Vestro
630 439 818 499 celsitudine.
860 440 905 498 hd
918 457 987 512 rem,
1010 440 1034 499 is
1056 446 1123 500 ente
1144 442 1200 500 XX
1221 443 1284 509 dies

133 544 162 602 in
183 545 301 618 proprie
322 560 445 616 persono
465 544 502 602 nd
523 561 568 604 nre
590 562 625 605 ex
640 545 725 604 ltelie
739 545 794 604 hue
805 545 1009 620 lieuthhugem
1023 546 1183 606 clanculum
1194 550 1282 622 venit,

133 650 200 722 quia
229 654 359 721 optasset
385 654 555 708 reverenter
582 651 734 708 conuenire
756 650 964 710 celsitudinem
984 651 1116 710 Vestroru
1145 670 1281 728 suamque

132 751 370 825 supplicationem
392 755 513 826 ipsomet
536 754 657 825 oller-ro,
687 755 737 813 sed
766 773 853 827 ‹pnum
880 755 991 828 aliquot
1010 756 1072 814 dies
1092 764 1281 831 expectasset,

131 865 161 916 ot
182 858 284 916 eodem
306 858 456 916 celsitudo
470 859 576 917 Vestro
596 858 726 918 differret
740 859 866 917 reditum
888 877 969 918 suum
991 878 1026 919 ex
1047 869 1188 922 conventu
1210 865 1282 923 elio·

129 980 192 1020 rnrn
213 964 390 1035 principum,
420 963 536 1021 rediens
557 967 618 1037 ipse
640 965 669 1022 in
690 967 812 1037 petriam
834 983 879 1024 me
900 967 1021 1039 rogavit,
1043 973 1075 1024 nt
1096 983 1149 1039 ego
1170 968 1279 1041 snppli-

129 1084 227 1126 carem
248 1084 300 1139 pro
321 1069 380 1125 illo.
413 1068 496 1138 Quod
510 1069 613 1127 lubens
628 1068 710 1140 lucio,
732 1072 799 1142 quio
819 1087 876 1128 non
898 1079 940 1129 est
960 1070 1034 1129 elius
1054 1073 1083 1128 in
1104 1077 1167 1130 toto
1186 1072 1279 1144 ltalia,

128 1187 213 1245 quem
235 1171 309 1229 tenti
331 1170 443 1240 faciem,
465 1174 560 1230 otoni
582 1175 633 1231 sim
650 1176 819 1247 conjunct-os
829 1176 939 1245 majore
953 1176 1082 1235 corileto.
1113 1176 1146 1234 ln
1161 1193 1279 1250 summe,

128 1278 178 1335 illo
200 1276 280 1334 videt
300 1293 330 1335 se
352 1290 442 1349 usque
463 1276 537 1334 adeo
558 1277 735 1336 diffamatum
756 1294 819 1336 osse
841 1295 893 1351 pro
914 1279 1097 1351 Luthereno,
1119 1284 1278 1355 praesertim

127 1384 156 1439 in
177 1381 296 1440 nuribus
317 1381 403 1454 Popae
424 1397 458 1438 nc
479 1381 675 1453 Venetorum,
708 1391 739 1441 ut
768 1384 845 1443 nullo
873 1385 958 1443 modo
986 1394 1102 1458 speret,
1133 1403 1164 1446 se
1194 1404 1277 1461 posse

129 1486 254 1545 eredere
276 1488 338 1545 sine
359 1487 485 1545 omnium
507 1485 676 1546 inculteturu
697 1495 785 1561 etque
810 1488 884 1547 odeo
905 1489 972 1548 vitoe
993 1491 1138 1564 periculo,
1166 1491 1221 1550 uisi
1245 1508 1277 1551 se

128 1591 299 1650 submovent
320 1609 355 1649 ex
377 1589 470 1649 ltalia.
513 1591 607 1662 tinore
625 1590 686 1661 jem
707 1590 838 1649 uendidit
865 1608 997 1666 magnoin
1024 1601 1136 1666 portem
1161 1610 1277 1653 suornm

127 1698 270 1756 honorum
298 1704 328 1755 et·
358 1698 475 1755 omnino
497 1695 648 1754 constitnit
668 1694 803 1754 deserere
826 1698 966 1770 patriam,
997 1705 1027 1755 et
1051 1716 1108 1757 une
1134 1715 1197 1757 com
1219 1701 1277 1778 spis

126 1811 238 1878 septem
260 1802 326 1861 liliis
348 1819 377 1859 se
400 1797 532 1858 conferre
554 1798 584 1856 in
606 1816 641 1857 ee
661 1801 733 1870 loce,
755 1800 802 1859 ubi
823 1808 886 1858 tuto
899 1805 989 1874 possit
1002 1820 1176 1875 peromnem
1189 1804 1275 1863 vitain

125 1927 206 1968 suurn
229 1907 361 1966 confiteri
383 1905 528 1964 dominnm
549 1912 679 1963 nostrum
703 1906 803 1964 Jesuur
821 1905 965 1964 Christum
987 1912 1016 1964 et
1037 1906 1173 1966 familiam
1195 1910 1274 1966 suem

125 2015 151 2070 in
171 2029 242 2071 vero
266 2011 407 2084 religiono
427 2009 586 2069 instituere.
619 2010 765 2084 Praecipue
787 2025 854 2069 uero
877 2017 958 2084 optet
980 2013 1077 2070 uenire
1093 2013 1122 2070 in
1140 2013 1274 2073 ducatum

124 2118 237 2176 Vostrae
274 2114 459 2174 Celsitndinis
489 2121 519 2172 et
549 2115 646 2173 vivere
676 2115 712 2173 de
742 2133 794 2173 sno
825 2115 876 2173 snb
907 2115 1007 2174 umbro
1037 2124 1067 2176 et
1096 2119 1275 2190 protectione

122 2223 237 2281 Vestra.
276 2220 365 2288 Nihil,
386 2220 512 2292 inquom,
533 2221 612 2278 ohnd
633 2222 716 2294 petit,
738 2219 792 2278 nisi
813 2237 982 2279 consensum
1003 2229 1034 2279 et
1055 2224 1273 2294 protectionem,

121 2344 156 2385 uc
176 2327 333 2399 promittit,
356 2333 398 2399 tet
419 2342 473 2398 ego
494 2342 547 2399 pro
568 2341 603 2384 eo
630 2325 809 2384 eor‘ntidenter
822 2326 971 2400 promitto)
993 2326 1274 2399 quodjuvanteoeo

122 2448 180 2490 non
202 2432 240 2488 sit
261 2429 376 2489 futurus
397 2430 534 2489 dedecori
555 2447 648 2504 neque
670 2431 819 2502 euangelio
839 2429 891 2489 filii
909 2431 965 2489 Dei
987 2446 1080 2504 neque
1104 2431 1274 2491 celsitudini

122 2536 244 2607 vestroe,
266 2536 313 2594 cui
330 2542 500 2595 reverenter
519 2537 658 2609 supplico,
682 2543 712 2594 nt
732 2534 868 2608 dignetur
888 2535 956 2593 mihi
977 2537 1135 2609 gratiosum
1155 2552 1272 2607 respon·

121 2657 183 2699 sum
205 2641 361 2714 superinde
382 2643 508 2699 mittere.
538 2642 624 2700 certe
636 2641 724 2699 Peter
741 2657 821 2698 inens
835 2641 961 2701 coelestis
976 2640 1058 2698 volde
1079 2640 1274 2699 consolabitur

121 2758 166 2801 rue
189 2742 219 2799 in
241 2744 296 2802 hoc
316 2759 381 2800 meo
402 2743 497 2811 exilio,
519 2744 542 2801 si
566 2744 664 2803 licebit
685 2743 751 2801 hnic
771 2744 878 2814 optimo
899 2739 981 2801 iretri
1002 2760 1066 2802 meo
1088 2747 1115 2802 in
1137 2743 1271 2803 Vestrum

120 2848 256 2906 ducatum
279 2848 396 2916 venire,
414 2848 472 2928 'uhi
503 2853 608 2923 possim
635 2847 691 2908 frui
713 2852 775 2922 ejus
796 2849 844 2922 piu
876 2855 905 2908 et
925 2857 1024 2910 suntote
1044 2853 1271 2924 conversatione,

118 2957 175 3013 imo
197 2955 270 3012 nihil
292 2954 387 3014 corius
416 2958 558 3028 potuisset
586 2957 656 3014 mlhi
683 2956 851 3028 contingere
880 2957 909 3013 in
936 2961 998 3014 tote
1023 2956 1083 3014 vite
1111 2973 1189 3028 mee;
1220 2973 1271 3015 oro

117 3066 261 3119 eternum
282 3064 395 3133 petrem
417 3059 524 3117 domini
552 3061 643 3119 nostri
663 3060 734 3119 Jesu
755 3059 875 3132 Christi,
905 3068 936 3118 ut
962 3061 1064 3132 spiritu
1086 3077 1137 3119 suo
1158 3067 1273 3119 movent

117 3167 306 3227 elementiam
327 3173 358 3225 et
377 3167 516 3239 pietatem
531 3166 644 3226 Vestrae
661 3166 859 3239 celsitudinis,
881 3168 921 3225 ito
941 3174 973 3225 nt
994 3165 1063 3224 mihi
1083 3164 1142 3223 heo
1163 3165 1269 3236 suppli·

115 3271 195 3330 centi
216 3273 348 3345 gratiose
369 3277 486 3330 arinuat.

389 3372 503 3432 Vestrae
524 3373 712 3434 Celsitudiuis
733 3373 1003 3434 observantissimus

1025 3509 1191 3581 vergerius.

673 3782 719 3867 3'7.

243 3949 375 4037 Herzog
398 3949 571 4035 christoph
595 3973 637 4016 err
661 3951 834 4017 Bolthaser
856 3975 918 4018 von
943 3952 1142 4036 ciiltlingen.

438 4091 599 4165 Bdblingen
621 4093 658 4150 25
679 4092 843 4152 November
867 4094 949 4151 1555.

184 4207 265 4310 Uber
284 4219 340 4274 den
359 4221 457 4291 graleu
477 4238 530 4276 von
550 4219 664 4286 'Phiene
687 4221 732 4278 die
750 4224 767 4275 2
787 4221 965 4290 gelengeuen
983 4220 1013 4273 in
1032 4208 1189 4274 ceberreich
1208 4220 1266 4276 und

110 4317 155 4373 die
176 4317 303 4374 vorrede
322 4335 355 4372 zu
372 4319 435 4373 dem
446 4317 545 4395 buche
563 4335 618 4374 von
636 4319 725 4375 Brenn
743 4335 836 4388 gegen
854 4318 929 4373 Soto.
