2768 4740
123 284 193 341 15⁰⁴
662 292 720 350 411

200 460 305 519 Datum
327 458 468 530 Tnbingae
489 458 536 517 die
558 462 595 516 27
616 458 716 516 Martii
739 461 823 518 1564.

423 563 625 623 Illastrissimae
647 562 833 622 celsitudinis
855 564 966 622 Vestrae

876 668 1002 727 servitor
1025 668 1192 741 largerius.

664 933 731 990 202.

348 1062 349 1065 ’
417 1064 543 1148 Verger
566 1086 608 1127 an
632 1061 754 1149 herzog
777 1061 965 1151 Christoph.

452 1210 456 1215 ’
520 1194 599 1254 Gbur
622 1196 657 1253 19
679 1195 762 1270 April
788 1197 871 1253 1564.

192 1314 336 1369 Berichtet
355 1315 422 1383 iiber
436 1315 512 1370 scine
526 1314 759 1384 verhaudlnugen
773 1315 825 1369 mit
844 1316 907 1370 dem
926 1314 1093 1386 spanisohen
1112 1313 1266 1385 gesaudten

120 1413 151 1465 in
172 1412 255 1467 Char.

198 1510 391 1569 illustrissime
412 1511 550 1585 Princeps
571 1519 601 1570 et
623 1514 743 1571 llomine
764 1514 886 1571 Domine
909 1511 1152 1571 clementissime!

203 1616 260 1674 Iste
282 1615 399 1674 ranutius
419 1617 497 1675 venit
513 1615 628 1676 Curiam
640 1617 808 1676 Rbactorum
829 1623 860 1675 et
880 1622 1030 1676 revertens
1049 1616 1162 1676 litteras
1183 1632 1201 1674 a
1222 1631 1266 1674 me

120 1718 205 1789 petit,
226 1736 299 1792 quas
321 1719 446 1778 libenter
467 1720 542 1778 dedi.
584 1721 700 1780 Summa
721 1728 778 1788 est,
807 1721 885 1796 quod
913 1728 981 1780 ante
1008 1728 1072 1781 octo
1099 1721 1162 1779 dies
1189 1721 1268 1780 venit

118 1822 176 1881 hnc
194 1823 307 1896 legatus
328 1824 405 1898 regis
426 1823 551 1899 Philippi
572 1827 632 1883 sire
655 1825 775 1884 ducatus
796 1825 1021 1884 Mediolanensis
1034 1825 1057 1896 ¹,
1080 1841 1182 1897 magno
1205 1824 1267 1898 qui·

118 1927 184 1985 dem
205 1945 269 1985 cum
289 1928 397 1987 honore
418 1935 567 2002 susceptus
588 1947 606 1987 a
626 1929 748 1987 dominis
762 1929 956 2000 Comensibus,
977 1929 1063 1988 bodie
1084 1931 1188 1988 iterum
1210 1929 1266 1987 dis·

117 2031 207 2090 cessit
226 2031 421 2090 Mediolanum
442 2049 557 2105 uersus,
584 2033 704 2108 reliquit
732 2033 848 2107 quidem
869 2032 1014 2107 aliquibus
1040 2034 1165 2108 aliquam
1187 2049 1266 2107 spem

119 2134 236 2194 t'oederis
257 2142 287 2193 et
308 2153 389 2194 norm
410 2137 533 2210 alicujus
553 2138 742 2209 tractationis,
764 2137 814 2196 seul
837 2144 975 2212 quantum
996 2136 1093 2209 rideo,
1115 2137 1186 2196 nihil
1206 2135 1266 2204 fiet,

117 2255 172 2312 per
188 2240 241 2298 Dei
262 2242 393 2312 gratiam,
415 2257 450 2299 eo
469 2242 560 2314 magis
579 2241 603 2299 si
624 2242 796 2301 successerit
817 2242 1105 2314 legatusGellorum3
1125 2243 1266 2300 annuntio

119 2343 195 2403 bona
215 2360 289 2403 nova
310 2352 340 2404 et
359 2345 449 2416 laetor,
471 2363 516 2404 me
538 2347 649 2404 venisse
671 2348 698 2404 in
719 2352 860 2420 tempore,
882 2346 1035 2405 nenieuim
1051 2345 1165 2405 Curiam
1181 2346 1266 2406 Rbea-

119 2457 214 2506 torum
234 2464 270 2506 eo
291 2450 353 2522 ipsu
374 2449 430 2521 die,
452 2467 509 2523 quo
530 2451 592 2524 ipsc
614 2450 727 2522 legatus
747 2450 920 2522 advenerat,
941 2452 1089 2523 multaque
1111 2451 1267 2510 miscuerat

118 2558 149 2610 et
159 2552 301 2611 turbarat.
331 2553 390 2611 Res
407 2553 575 2613 narrabitur
592 2572 611 2611 a
623 2571 670 2630 me
684 2570 779 2612 coram
794 2552 833 2629 (si
848 2553 986 2612 Dominus
1003 2553 1161 2628 volueritl‘
1180 2568 1266 2626 spero

117 2659 233 2730 inquam
255 2673 302 2716 res
323 2657 447 2717 feliciter
467 2675 662 2730 successuras,
692 2675 777 2732 spero
798 2658 922 2733 inquam.
965 2658 1059 2717 Unum
1085 2658 1140 2718 boe
1164 2656 1265 2728 diuam,

116 2762 228 2833 litigari
249 2778 312 2820 curn
334 2763 448 2820 bomine
469 2778 566 2821 coram
585 2768 648 2821 toto
669 2769 781 2833 senatu,
803 2779 868 2821 nam
888 2778 964 2834 segre
986 2761 1107 2832 larebat,
1128 2760 1205 2834 quod
1223 2759 1266 2818 di·

115 2867 221 2925 xlssem
243 2867 384 2937 privatim,
406 2868 469 2940 ejus
490 2866 664 2941 legationem
684 2866 753 2924 mibi
774 2866 867 2925 rideri
887 2867 1063 2939 legationem
1083 2866 1186 2939 Papae,
1207 2881 1265 2923 non

115 2976 213 3029 autem
227 2970 431 3044 Hispaniarum
441 2972 527 3043 regis.
548 2976 703 3044 propterea
723 2971 800 3045 qnod
821 2972 906 3045 petiit
926 2987 981 3029 uon
1002 2971 1093 3029 solum
1114 2969 1265 3028 transitum

116 3092 134 3132 a
155 3073 322 3132 Mediolano
342 3075 592 3143 indermauiam,
625 3076 676 3135 sed
698 3077 784 3134 etiam
808 3081 841 3134 nt
861 3076 948 3134 liceat
968 3076 1110 3146 castigare
1132 3091 1182 3133 eos
1202 3073 1265 3132 bde-

116 3177 239 3248 diolani‚
270 3181 319 3251 qui
348 3196 404 3239 non
432 3188 497 3238 sunt
517 3182 665 3254 papisticus
685 3181 849 3255 religionis,
880 3196 970 3254 quare
991 3194 1048 3237 uon
1068 3185 1199 3251 poteram
1218 3194 1265 3238 me

115 3283 283 3354 continere,
315 3284 383 3357 quin
405 3283 531 3343 dicerem
551 3293 668 3358 aperte,
699 3284 729 3343 id
750 3283 825 3360 quod
848 3291 907 3350 est,
939 3283 1083 3343 hominem
1103 3282 1213 3342 scilicet
1232 3299 1264 3342 se
1328 3364 1330 3368 y

114 3386 253 3460 prodere,
276 3387 352 3460 quud
374 3405 426 3460 pro
447 3388 526 3460 Papa
545 3390 688 3462 loquatur,
712 3406 767 3448 non
789 3406 841 3463 pro
862 3387 1008 3460 Philippo,
1038 3395 1069 3447 at
1093 3403 1265 3462 quamquam

115 3490 254 3551 adessent
274 3491 342 3549 mibi
364 3492 431 3550 boni
452 3491 633 3563 defensores,
660 3501 757 3551 tamen
779 3493 807 3553 d.
829 3492 985 3553 Ourienses
1004 3509 1050 3551 me
1071 3493 1264 3551 condemnare

114 3598 270 3656 noluerunt
289 3600 319 3655 iu
340 3600 463 3669 gratiam
483 3598 594 3657 scilicet
615 3600 698 3659 istius
719 3599 824 3672 legati,
856 3615 918 3656 cum
939 3613 993 3669 ego
1013 3597 1137 3656 vieisdrn
1158 3595 1265 3675 nullius

112 3702 251 3774 principis
272 3718 375 3760 nomen
394 3704 563 3774 Jactassenr;
593 3703 634 3761 sic
654 3720 701 3761 res
729 3710 787 3771 est,
816 3710 911 3762 tumen
933 3701 1084 3760 babituros
1103 3717 1164 3759 sum
1185 3700 1264 3772 ipsos

109 3803 225 3876 judiees
246 3819 357 3861 merum
378 3803 409 3861 in
429 3810 654 3876 coeua‚tuntnm
675 3806 766 3863 refert
785 3806 888 3864 andire
902 3803 1046 3878 publicam
1061 3819 1211 3876 personam
1233 3809 1264 3862 et

112 3906 271 3977 privatam,
299 3905 350 3964 sed
375 3912 471 3965 tamen
496 3908 580 3965 laetor
600 3906 654 3966 boc
674 3907 845 3981 contigisse,
872 3923 937 3967 nam
958 3909 1026 3977 scio,
1046 3923 1093 3966 me
1113 3905 1262 3981 aperuisse

113 4009 213 4068 oeulos
242 4009 406 4068 multorum.
450 4011 537 4070 Plura
567 4027 662 4070 coram
684 4011 731 4088 (ut
761 4012 844 4089 diri),
875 4012 989 4071 interea
1019 4011 1186 4070 commendo
1216 4028 1263 4070 me

687 4140 702 4174 ᾔ

184 4243 198 4295 l
219 4240 275 4296 Der
293 4242 430 4314 guuudte
449 4241 514 4298 hiess
533 4241 607 4298 anob
625 4242 689 4298 dem
708 4241 783 4298 briei
798 4259 825 4297 n.
843 4243 932 4305 202a,
961 4240 1011 4296 der
1034 4240 1193 4312 tiberhsupt
1216 4240 1263 4298 die

112 4342 205 4397 gance
224 4328 308 4384 sache
326 4328 530 4385 ausldbrlielrer
548 4328 663 4392 erathlt,
684 4327 826 4385 Adrianus
844 4327 1008 4385 Verbseoua
