2768 4740
119 299 188 355 1⁶62
666 306 727 369 345

117 491 260 548 pauperes
279 477 426 536 ministros
446 478 630 551 eleemosyna
645 479 703 537 200
715 475 906 538 florenorum¹
924 479 1050 552 Juvisset
1063 483 1269 538 sustentasset-

117 597 184 655 qne,
204 580 376 642 incredibile
397 581 477 643 dietu
497 589 552 652 est,
573 598 659 655 quam
679 588 764 656 grate
784 580 873 641 luerit
894 598 929 641 ee
948 582 1042 655 pietas
1055 588 1087 641 et
1099 582 1267 653 liberalitas,

117 686 257 746 excitauit
277 704 312 745 ea
332 687 519 760 plurimorum
539 687 649 746 enimes
669 685 923 760 continuantque,
945 688 1010 761 qui,
1035 703 1098 746 eum
1119 686 1268 761 vidissent,

118 790 227 864 Papum
247 808 300 864 per
320 793 446 866 legatum
470 793 604 865 petiisse,
635 799 667 851 nt
693 808 730 851 ex
749 789 865 850 Rhaetia
886 790 1103 862 expellerentur
1122 798 1267 866 tamquam

116 895 184 955 mali
205 897 258 956 viri
278 894 367 970 atque
386 896 532 970 haeretiei,
561 897 658 955 stetim
685 902 838 956 senserunt
863 896 999 954 auxilium
1022 896 1118 956 Patris
1142 895 1268 956 eoeiestis

117 1002 329 1076 obstupente,
360 1020 418 1078 qua
444 1004 537 1074 minus
563 1008 746 1078 sperassent,
777 1018 795 1061 e
816 1000 920 1061 Vestra
940 1001 1051 1061 scilieet
1070 1001 1268 1060 illustrissime

119 1106 243 1179 Pietate,
264 1106 316 1166 sed
338 1107 374 1168 de
394 1108 439 1168 his
459 1124 563 1180 eoram,
585 1109 610 1167 si
631 1107 709 1168 lleus
731 1107 862 1167 voluerit.

198 1211 294 1285 Selegi
315 1212 427 1287 aliquot
445 1220 601 1286 pastorum,
623 1214 672 1288 qui
692 1218 760 1273 suut
776 1212 860 1272 ualde
883 1227 1035 1285 pauperes,
1057 1211 1174 1283 liberos,
1195 1227 1267 1284 quos

118 1332 204 1388 spero
230 1333 276 1374 me
300 1317 509 1389 adducturum,
540 1335 612 1393 quos
640 1319 745 1378 Vestra
773 1316 933 1389 Singularis
953 1313 1052 1374 Pietas
1078 1316 1214 1387 dignetur
1237 1315 1266 1372 in

117 1419 217 1480 sehola
237 1420 414 1496 Tubingeusi
435 1423 561 1482 educare
574 1421 594 1495 ’,
616 1423 855 1497 quemadmodum
874 1421 1018 1495 promisit;
1040 1421 1132 1480 Deum
1152 1422 1268 1480 immor·

119 1527 225 1598 talem,
253 1543 337 1600 quam
358 1532 442 1601 grata
463 1529 527 1586 Deo
547 1527 645 1586 future
665 1534 709 1587 est
729 1528 796 1586 talis
817 1529 910 1600 pietas
930 1543 1044 1601 quoque
1065 1532 1095 1584 et
1115 1541 1199 1599 quam
1221 1541 1267 1583 ce·

121 1630 235 1690 lebrata
254 1631 291 1690 ab
312 1631 443 1691 omuibus
464 1633 608 1705 eeclesiis,
636 1635 665 1692 in
687 1632 791 1708 qulbus
810 1639 891 1692 tantu
912 1639 957 1691 est
978 1631 1181 1689 illustrissime
1202 1630 1267 1688 Cel·

118 1734 254 1794 situdinis
265 1712 381 1795 Vestrae
398 1735 475 1795 ieme
494 1738 620 1796 excitate
639 1737 675 1795 ad
696 1736 811 1795 laudem
822 1735 886 1807 Ilei,
908 1742 940 1795 ut
960 1735 1006 1794 vix
1025 1750 1138 1808 possem
1159 1734 1267 1807 dicere,

120 1838 186 1898 dieo
206 1841 321 1911 iterum,
342 1834 478 1900 laudetur
498 1840 592 1902 Deusl
688 1820 691 1827 ¹
1089 1897 1097 1912 ,

196 1941 282 1999 Volui
302 1941 331 1999 in
352 1941 397 2000 liis
416 1940 523 2002 litteris
542 1958 599 2001 nou
622 1942 705 2001 modo
726 1942 911 2025 deecclesiis
931 1942 1073 2009 seribere,
1104 1944 1154 2003 sed
1179 1944 1266 2002 etiam

118 2046 155 2105 de
177 2045 289 2106 lmdere
309 2063 373 2107 eum
394 2063 464 2122 rege
485 2047 633 2107 Gallorum
661 2047 841 2119 renouando,
870 2047 938 2121 quid
966 2046 1076 2106 seilicet
1096 2047 1210 2107 audium
1231 2048 1267 2107 de

116 2168 152 2211 eo
173 2167 192 2209 a
212 2152 282 2211 uiris
301 2151 605 2223 non-oontemnendis,
626 2152 677 2212 sed
697 2153 873 2211 commodius
894 2152 965 2212 mihi
985 2152 1108 2225 videtur,
1129 2155 1152 2212 si
1173 2153 1210 2213 de
1231 2169 1267 2212 so

116 2271 247 2315 seorsum
268 2258 297 2315 in
317 2257 383 2315 uliis
402 2257 508 2316 litteris
528 2257 680 2329 scripsero.
714 2255 803 2316 Peter
823 2257 950 2316 ooelestis
971 2258 1082 2318 Vestrae
1103 2257 1267 2317 Illustrissi·

116 2377 170 2418 mm
185 2358 356 2420 celsitudini
376 2367 484 2433 augeat
504 2376 557 2419 sue
577 2360 674 2419 divina
694 2360 872 2435 donantque
889 2363 1041 2427 thesauros
1056 2362 1265 2435 perChristom

115 2464 263 2523 dominum
275 2471 414 2524 nostrum.
435 2464 610 2526 Commendo
626 2481 671 2524 me
686 2471 855 2524 reverenter
866 2467 978 2525 vestrm
989 2467 1135 2542 Singulari
1149 2469 1265 2527 Pietati.

195 2595 304 2654 Datum
324 2594 420 2655 Curioe
439 2585 609 2654 Rhosiorum
629 2597 668 2655 20
688 2595 757 2655 Maii
780 2600 864 2655 1562.

419 2698 622 2758 lllustriosimae
643 2697 830 2758 celsitudinis
850 2699 963 2758 Vestrae

877 2801 1003 2864 'servitor
1023 2806 1186 2878 Vergerins.

187 2930 405 3001 iligenhdudige
425 2932 671 3001 reudbemerlrung
690 2932 738 2988 des
756 2932 884 3005 heraegs:

184 3015 1264 3088 fflwmmmmwmfflmmfflmmm

112 3104 205 3176 gnadi
224 3101 392 3159 atillbreiten
412 3103 488 3158 thus.
587 3154 590 3159 ,
624 3120 626 3124 ’

565 3346 568 3350 ‘
660 3359 725 3415 155.

423 3486 548 3573 Verger
571 3510 612 3553 en
636 3488 756 3573 herzog
778 3487 963 3574 Chrisloph.

528 3616 607 3675 Ghur
627 3619 665 3675 ‘20
686 3617 746 3676 Mai
769 3620 854 3675 1502.

183 3736 291 3806 Frogt,
320 3739 357 3794 ob
384 3755 413 3793 er
441 3737 513 3794 noch
540 3737 640 3807 linger
663 3737 693 3792 in
713 3737 788 3793 (lhur
812 3737 923 3793 bleibeu
943 3737 1012 3794 selle
1038 3739 1093 3791 und
1115 3736 1199 3791 bittel
1219 3754 1262 3788 um

112 3836 189 3905 gold.
256 3845 257 3848 ’

193 3932 392 3990 illustrissime
414 3932 551 4006 Princeps
572 3938 602 3992 et
620 3933 743 3992 Domine
763 3935 886 3992 Domine
908 3931 1150 3991 Clementissime!

197 4035 397 4098 Illustrissima
407 4035 555 4096 Celsitudo
565 4037 669 4097 Vestro
684 4037 850 4113 dignabitur
864 4053 915 4109 pro
927 4053 979 4095 sua
993 4036 1145 4095 elementia
1154 4038 1266 4093 attente

683 4169 698 4202 ’d

187 4273 200 4326 1
221 4269 248 4323 s
271 4286 299 4323 n.
320 4269 379 4324 rer.

182 4355 287 4428 avgl.
307 4373 334 4411 n.
355 4356 414 4413 nse.
