2768 4740
126 263 193 317 1557
295 212 304 224 ⁷
667 267 726 328 143

199 436 254 494 Dei
279 436 373 509 gratia
400 434 624 508 christophorus
644 435 709 492 Dux
730 432 952 506 wirtembergs
982 442 1013 494 et
1032 435 1142 503 Tertiae
1163 435 1268 496 Comes

120 539 382 611 Montisbelligardi
404 546 459 599 eto.

198 643 332 703 Redditus
352 643 434 702 nobis
455 644 659 704 dominationis
680 649 738 702 tuse
758 648 826 702 suut
845 644 968 712 littere,
1001 659 1036 702 ox
1057 645 1159 718 quibus
1186 654 1266 705 tuam

120 765 156 806 ex
175 748 291 806 Rhaetia
310 748 433 806 reditum
455 748 659 807 intelleximus.
691 746 830 820 Quodque
853 748 954 806 eadem
970 747 1078 807 Julium
1100 754 1231 810 comitem
1249 768 1268 811 a

118 852 231 911 Thiene
242 853 424 911 vicentinum
436 852 575 926 Tubingae
589 855 618 910 in
640 868 706 910 suas
720 851 797 910 aedes
811 855 979 923 susceperit,
999 853 1066 912 boni
1083 857 1267 930 consulimus,

119 975 204 1030 quern
218 957 376 1018 dominatio
388 965 439 1016 tua
449 976 540 1032 usque
551 959 587 1017 ad
598 959 754 1017 adveutum
765 965 893 1015 nostrum
904 972 1000 1016 secum
1011 961 1139 1018 retinere
1149 965 1266 1035 poterit.

171 1058 175 1071 ’
205 1062 384 1122 Contulimus
411 1078 525 1136 quoque
547 1080 609 1120 eum
631 1063 758 1120 electore
785 1062 936 1134 Palatino,
968 1062 1083 1122 domino
1114 1082 1147 1124 ac
1172 1065 1262 1126 fratre

118 1175 227 1239 nostro,
248 1184 335 1241 super
355 1167 500 1239 legatione
520 1168 558 1226 ad
573 1184 670 1241 regem
687 1167 816 1226 Poloniae
826 1168 843 1224 ¹.
874 1167 945 1225 (luni
968 1185 1035 1227 uero
1056 1172 1197 1229 incertum
1219 1174 1265 1239 sit,

118 1287 203 1344 quam
225 1272 304 1330 brevi
320 1274 384 1330 hinc
397 1272 504 1330 abituri
520 1274 618 1341 simus,
630 1273 674 1332 rel
686 1273 772 1331 etiem
785 1271 943 1330 dominatio
954 1282 1004 1330 tua
1015 1276 1084 1332 satis
1096 1277 1124 1332 in
1135 1280 1265 1350 tempore

117 1376 256 1434 aduenire
276 1379 384 1449 possit,
415 1379 575 1436 consultum
607 1378 689 1435 nobis
717 1379 827 1448 visurn,
860 1384 892 1436 ut
912 1378 1026 1436 interim
1049 1379 1186 1453 Tubingae
1207 1389 1264 1439 turn

117 1480 167 1537 diu
196 1487 348 1553 expectet,
379 1483 471 1541 donec
498 1499 549 1541 uos
577 1482 692 1540 domurn
717 1483 878 1540 redeamus.
920 1482 1032 1542 Deinde
1060 1491 1125 1556 post
1146 1485 1264 1544 Heidel-

116 1583 235 1657 bergam
257 1586 481 1645 dominationem
502 1595 579 1645 tuam
601 1605 663 1646 crum
685 1587 823 1658 deputato
845 1593 943 1647 nostro
963 1589 1205 1662 transmittemus,
1233 1599 1266 1649 ut

117 1706 174 1746 una
194 1691 279 1748 simul
305 1708 391 1762 super
411 1693 601 1750 instructione
622 1699 653 1750 et
673 1693 818 1764 legatione
839 1698 927 1764 etque
948 1691 1076 1751 discessu
1099 1702 1193 1752 restro
1214 1696 1263 1753 de-

116 1793 256 1859 liberetis,
278 1809 314 1851 ne
335 1793 444 1853 diutius
464 1795 518 1854 hoc
539 1795 684 1867 negotium
706 1804 736 1854 et
757 1796 814 1854 iter
835 1801 960 1854 restrum
981 1795 1142 1855 differatur.

197 1896 280 1968 Quod
301 1903 431 1969 sumptus
451 1898 575 1958 absoluti
596 1902 638 1957 tui
655 1901 683 1958 iu
694 1900 835 1958 libatiam
847 1900 961 1957 itineris
972 1901 1086 1971 attinet,
1108 1904 1265 1975 cogitamus

115 2000 232 2058 eosdem
254 2000 444 2060 dominationi
463 2008 522 2061 tuse
543 2004 579 2062 de
601 2019 700 2061 mensa
719 2010 819 2062 nostra
840 2005 1005 2062 restituere.

195 2107 266 2176 Quae
293 2106 330 2165 ad
357 2107 562 2165 dominationis
589 2113 648 2167 tue
676 2107 789 2166 litteras
817 2107 861 2182 (ut
888 2110 934 2164 eui
961 2108 1033 2166 bene
1055 2111 1195 2185 cupimus)
1219 2128 1263 2170 re·

115 2208 260 2280 spondere
282 2210 433 2268 voluimus.

667 2493 713 2548 50.

421 2608 545 2696 Verger
568 2633 610 2674 an
632 2610 751 2697 herzog
774 2611 957 2696 christoph.
1063 2685 1067 2692 ¹

462 2742 611 2814 'itihingen
634 2745 672 2799 24
693 2743 806 2815 August
830 2747 913 2803 1557.

184 2860 378 2915 Nschrichten
397 2861 465 2916 iiber
483 2862 538 2916 den
557 2862 637 2932 krieg
657 2862 686 2916 in
706 2862 818 2918 Italion.

186 2957 330 3011 Gedruclrt
351 2957 399 3012 bei
418 2956 653 3020 deoscultatur.

186 3054 243 3108 Das
260 3052 381 3123 original
400 3052 439 3106 im
458 3052 554 3108 archiv
572 3053 653 3108 nicht
671 3053 751 3109 mehr
770 3054 956 3110 aufuuflnden.

192 3153 388 3210 Illustrissime
412 3151 549 3224 Princeps
570 3159 599 3210 et
621 3153 742 3211 Domine
764 3154 886 3211 Domine
907 3154 1152 3215 Olenrentissime!
1252 3176 1256 3185 ·

193 3257 300 3330 Accepi
322 3256 358 3316 ab
379 3257 463 3315 ltalia
484 3257 613 3327 litteras,
635 3257 738 3329 quibus
758 3258 862 3330 aliquis
883 3258 974 3317 bonus
995 3239 1039 3316 vir
1060 3259 1176 3332 scribit,
1208 3261 1262 3320 Pa·

113 3377 177 3432 paru
200 3367 265 3433 post
291 3368 439 3432 acceptum
467 3361 597 3418 nuntium
622 3362 659 3419 de
687 3366 784 3434 strage
811 3361 951 3422 sucrum'
977 3369 1142 3435 correptum
1174 3364 1262 3424 fuisse

112 3465 195 3523 iebre
218 3474 248 3527 et
269 3464 430 3537 periculose
452 3464 633 3524 decumbere.
670 3466 750 3528 Deus
770 3467 853 3525 tollat
873 3483 908 3525 ex
929 3465 999 3526 orbe
1021 3474 1164 3527 terrarum
1183 3469 1262 3527 illam

115 3576 225 3629 tantam
246 3578 370 3642 pestem,
400 3587 463 3628 uam
485 3572 614 3643 ‹puarrruis
634 3585 734 3628 omnes
754 3588 835 3643 papae
855 3572 913 3629 sint
933 3573 1016 3644 ntuli,
1044 3572 1093 3632 ille
1115 3579 1195 3633 certe
1216 3590 1263 3633 re-

114 3674 206 3746 liquos
228 3675 382 3746 iniquitate
404 3681 434 3732 et
454 3675 627 3734 crudelitate
648 3681 775 3748 superat.
807 3675 924 3748 Septem
941 3678 1048 3735 vexilla
1061 3677 1262 3737 Helvetiorum

681 3779 696 3811 ¹l¹

184 3883 194 3933 l
223 3882 261 3935 Zu
279 3880 368 3936 dieser
386 3880 598 3951 gesandtechaft
617 3880 780 3950 Christophs
800 3881 856 3935 und
869 3880 1062 3938 Oti-heinrichs
1080 3884 1117 3938 ist
1136 3901 1164 3938 es
1183 3887 1261 3940 nieht

113 3967 289 4036 gelrommen.
325 3968 353 4020 S.
375 3969 418 4024 br.
439 3970 481 4023 53.

180 4056 197 4107 2
217 4055 269 4109 Die
290 4055 470 4123 Piipetlichen
491 4057 547 4110 und
558 4057 713 4112 Francosen
735 4056 848 4111 wurdeu
867 4057 924 4111 Jnli
940 4060 1005 4113 1557
1031 4057 1059 4112 in
1079 4059 1169 4113 einen]
1189 4059 1260 4114 hlei·

112 4158 164 4194 nen
192 4141 293 4195 treffen
321 4141 365 4194 bei
385 4142 513 4198 Palliano
539 4160 593 4198 ron
618 4143 672 4197 den
693 4142 828 4212 Spaniern
856 4145 938 4196 unter
956 4144 1050 4200 Murco
1069 4144 1191 4198 Antonio
1210 4144 1261 4199 i'o·

111 4227 197 4281 lonnn
218 4228 403 4296 gost-hlutrein
433 4230 477 4283 ulie
497 4231 675 4300 plipsilioheu
704 4229 836 4284 aniilhrer
856 4248 947 4285 waren
967 4231 1060 4285 Ginlio
1083 4232 1182 4286 Ursino
1203 4233 1259 4286 trud

111 4316 157 4367 iles
176 4319 293 4383 perpetes
309 4316 439 4386 jitngeter
459 4318 537 4380 neil'e,
559 4319 707 4388 marggral
726 4335 778 4372 ron
798 4317 961 4372 Montbello.
998 4319 1024 4372 S.
1043 4320 1085 4372 br.
1104 4320 1170 4372 ila.
