2768 4740
117 269 183 327 leet
666 275 703 335 91

115 445 377 518 Fribnrgensibus‚
407 447 506 518 itaque
533 449 646 501 armata
671 458 758 500 manu
778 444 947 500 invaserunt
968 449 1056 517 atque
1076 444 1263 517 arripuerunt

114 550 169 608 sibi
189 556 283 608 totum
302 549 383 608 ilium
404 548 577 608 semitutum·
592 549 625 607 et
644 545 796 606 confestim
823 563 870 605 res
890 548 920 604 in
941 547 1123 606 concordiam
1144 549 1264 607 redacta

117 655 171 726 cst,
192 670 256 712 nam
277 655 405 727 acceptis
418 652 518 712 decem
533 653 660 711 millibus
675 653 762 710 cessit
775 652 868 718 bouis,
889 657 920 711 et
931 651 1037 711 domini
1049 652 1091 710 iili
1102 652 1264 713 diuiserunt

116 762 193 819 inter
212 776 254 818 se.
295 761 391 833 Quare
418 775 454 817 eu
480 761 589 832 portio,
618 775 681 832 qnae
702 757 806 830 obtigit
825 755 1029 828 Beruensibus,
1049 759 1176 831 suscepit
1196 773 1263 816 con·

116 867 279 925 cionateres
290 864 479 937 evangelicoe.
499 862 578 921 Deus
588 864 757 937 promereat
772 864 859 920 etium
875 860 944 920 alibi
959 861 1098 919 terminus
1113 863 1194 934 regni
1208 862 1262 920 sui.

193 965 297 1025 Adhuc
318 966 391 1038 dego
412 965 589 1038 1115551555,
611 966 678 1038 quia
699 965 787 1036 pestis
806 964 992 1039 progreditur
1005 964 1154 1038 Tubingae.
1186 965 1263 1037 Agat

116 1071 206 1129 Pater
223 1071 358 1142 55155115,
380 1070 458 1145 quod
478 1071 582 1130 bouum
605 1071 698 1129 estin
718 1071 809 1129 oculis
829 1072 897 1130 suis.

195 1175 303 1234 Scribit
322 1175 359 1233 ad
380 1190 426 1232 me
448 1175 635 1234 dicimnnes
649 1174 801 1234 Sieidunns
815 1174 833 1246 ¹,
855 1193 890 1234 ex
913 1173 995 1234 XXV
1017 1174 1106 1246 libris,
1128 1177 1175 1250 qni
1197 1181 1265 1234 sunt

118 1280 148 1336 in
168 1297 220 1338 sua
240 1280 370 1351 historin,
389 1281 449 1353 jam
471 1295 535 1338 esse
556 1281 709 1354 impressos
727 1280 792 1351 XX,
814 1280 843 1339 e't
864 1297 939 1339 nnnc
958 1280 1145 1355 magistratus
1165 1279 1262 1338 nescio

119 1384 195 1442 unde
216 1385 355 1458 impulsus
375 1387 492 1455 vetavit,
522 1402 559 1444 ne
586 1387 748 1458 eruigetur.
791 1387 860 1459 Quis
886 1378 1009 1457 dubitet,
1037 1385 1179 1444 Cursarem
1210 1385 1264 1443 hoe

120 1490 257 1548 curasse?
286 1490 355 1562 quia
374 1494 419 1548 est
439 1487 493 1546 sibi
514 1489 645 1550 conscius
667 1489 833 1562 nullumque
854 1491 991 1550 honorem
1012 1495 1126 1562 sperat,
1155 1489 1178 1547 si
1199 1490 1264 1561 ejus

120 1610 166 1650 ras
186 1599 276 1667 gestae
297 1595 325 1652 in
347 1595 511 1653 65555515
538 1595 681 1668 legantur.
707 1594 884 1653 ‘i'otuissem
911 1611 981 1667 ego,
1008 1597 1042 1653 ut
1062 1596 1188 1654 Generae
1216 1594 1262 1653 rel

119 1696 187 1755 alibi
210 1704 340 1756 curasset
360 1697 472 1757 excudi.
513 1698 570 1757 Sed
601 1697 646 1758 iric
674 1699 760 1757 etiam
787 1716 843 1758 nen
870 1699 965 1757 deerit
986 1700 1139 1769 Dominum
1167 1699 1264 1772 egitur

117 1803 191 1859 cuim
213 1801 249 1860 de
270 1801 359 1874 ipsius
380 1802 482 1887 gloria.
756 1861 758 1865 ,

196 1908 255 1966 Oro
283 1922 348 1965 eum
375 1905 522 1980 quetidie,
553 1909 587 1965 ut
615 1914 757 1983 perpetuo
785 1907 859 1966 adsit
888 1924 940 1965 sue
966 1908 1070 1979 spiritu
1092 1906 1263 1965 Celsitudini

117 2014 237 2081 resne,
260 2012 288 2070 in
311 2029 368 2086 qna
387 2029 486 2072 omues
505 2011 617 2086 piorum
639 1990 767 2072 ecelesiae
787 2019 852 2086 pust
867 2012 959 2071 Deum
981 2013 1175 2086 maximopere
1195 2028 1263 2069 ccu-

116 2117 214 2176 tiduut.
257 2117 499 2177 commendoms
520 2125 697 2177 reverenter.

192 2223 364 2296 Goeppingae
384 2222 432 2280 die
452 2224 470 2282 3
491 2221 643 2285 Februarii
669 2223 753 2281 1555.

1017 2324 1184 2398 Vergerius.

667 2634 715 2690 20.

421 2754 546 2842 Verger
570 2776 612 2819 un
633 2755 752 2839 herzog
774 2750 956 2837 Christoph.

450 2867 621 2940 depiugeu
642 2869 669 2925 9.
691 2866 825 2925 Februar
846 2866 931 2922 1555.

187 2969 381 3026 Necbrichteu
402 2971 470 3025 tiber
488 2969 534 3024 die
552 2969 680 3038 sendung
699 2968 748 3022 des
767 2965 907 3022 cardinale
920 2967 1033 3022 Morene
1044 2984 1076 3020 uu
1088 2966 1152 3020 dem
1164 2965 1266 3022 reiche-

116 3064 204 3136 tagin
217 3065 380 3138 Augsbmffi
400 3067 467 3121 uther
480 3066 525 3121 die
544 3064 682 3121 siuvische
702 3063 964 3134 bibeitibersetzung
983 3064 1041 3117 und
1059 3062 1151 3133 eiuige
1166 3061 1265 3117 schrif-

116 3163 163 3216 ten
186 3161 712 3233 11558555,(11515513155115555115
738 3159 783 3215 die
808 3160 899 3215 htiude
917 3159 1035 3223 tamem
1064 3160 1133 3213 dber
1158 3157 1264 3214 seruere

115 3255 390 3313 schriftstelleriaebe
410 3257 545 3314 arbeiten.

202 3355 398 3416 Illustrissime
429 3363 459 3415 et
489 3355 739 3415 Excellentissime
767 3351 905 3426 Princeps
936 3359 966 3411 et
990 3352 1111 3411 Domine
1142 3352 1265 3412 Domine

115 3461 334 3520 Gruticsissime
348 3461 354 3517 1

194 3564 297 3623 Habeo
318 3564 424 3622 bonurn
447 3562 547 3634 virum,
568 3564 616 3635 qni
637 3563 753 3620 litteras
766 3577 845 3620 meus
859 3559 1038 3634 Augustam·
1057 3558 1141 3629 serat,
1164 3576 1265 3632 nempe

117 3669 267 3728 doctorem
290 3666 743 3726 51155551551550515155151
764 3664 1054 3724 observantissimum.
1086 3667 1180 3737 Quare
1201 3680 1266 3736 pos·
1323 3739 1324 3742 Ἴ

120 3789 183 3831 sum
206 3777 271 3831 tuto
291 3761 419 3831 scribere
440 3771 566 3842 nonulla,
588 3787 652 3844 quae
671 3770 773 3830 habeo.
811 3769 892 3842 Pepa
911 3764 941 3826 et¹
961 3768 1131 3840 cardinales,
1152 3768 1267 3840 postea·

120 3893 207 3950 quam
229 3875 366 3935 uiderunt
385 3875 438 3935 sibi
460 3875 496 3935 ud
518 3882 586 3935 reta
605 3876 776 3935 successisse
803 3872 900 3932 emnia
928 3873 1074 3943 hucusque
1100 3873 1129 3929 in
1151 3870 1265 3942 Aurelia,

115 3981 291 4041 adiecerunt
310 3982 434 4040 animum
456 3979 493 4039 ad
510 3979 693 4040 Germaniam
707 3979 737 4037 in
760 3992 896 4052 spemque
917 3982 1068 4047 uenerunt,
1089 3972 1267 4047 5555511551,

685 4119 700 4153 *

186 4235 204 4374 ὲ
222 4230 502 4389 {excidens
522 4335 581 4374 war
599 4317 654 4374 seit
672 4317 795 4373 Februar
813 4313 887 4370 bein
905 4311 1049 4383 reiuhstug
1067 4309 1139 4369 sort
