<?xml version="1.0" encoding="UTF-8"?>
<!DOCTYPE html PUBLIC "-//W3C//DTD XHTML 1.0 Transitional//EN"
    "http://www.w3.org/TR/xhtml1/DTD/xhtml1-transitional.dtd">
<html xmlns="http://www.w3.org/1999/xhtml" xml:lang="en" lang="en">
 <head>
  <title>
</title>
<meta http-equiv="Content-Type" content="text/html;charset=utf-8" />
  <meta name='ocr-system' content='tesseract 3.04.00' />
  <meta name='ocr-capabilities' content='ocr_page ocr_carea ocr_par ocr_line ocrx_word'/>
</head>
<body>
  <div class='ocr_page' id='page_1' title='image "./briefwechselzwi00verggoog/briefwechselzwi00verggoog_0445.png"; bbox 0 0 2768 4740; ppageno 0'>
   <div class='ocr_carea' id='block_1_1' title="bbox 711 258 776 319">
    <p class='ocr_par' dir='ltr' id='par_1_1' title="bbox 711 258 776 319">
     <span class='ocr_line' id='line_1_1' title="bbox 711 258 776 319; baseline -0.031 0"><span class='ocrx_word' id='word_1_1' title='bbox 711 258 776 319; x_wconf 80' lang='grc'>434</span> 
     </span>
    </p>
   </div>
   <div class='ocr_carea' id='block_1_2' title="bbox 712 507 780 564">
    <p class='ocr_par' dir='ltr' id='par_1_2' title="bbox 712 507 780 564">
     <span class='ocr_line' id='line_1_2' title="bbox 712 507 780 564; baseline 0.029 -2"><span class='ocrx_word' id='word_1_2' title='bbox 712 507 780 564; x_wconf 76' lang='grc'><strong>220.</strong></span> 
     </span>
    </p>
   </div>
   <div class='ocr_carea' id='block_1_3' title="bbox 472 635 1096 724">
    <p class='ocr_par' dir='ltr' id='par_1_3' title="bbox 472 635 1096 724">
     <span class='ocr_line' id='line_1_3' title="bbox 472 635 1096 724; baseline -0.005 -22"><span class='ocrx_word' id='word_1_3' title='bbox 472 636 597 724; x_wconf 77' lang='lat' dir='ltr'>Vorger</span> <span class='ocrx_word' id='word_1_4' title='bbox 619 660 662 704; x_wconf 90' lang='lat' dir='ltr'>an</span> <span class='ocrx_word' id='word_1_5' title='bbox 685 638 803 722; x_wconf 76' lang='lat' dir='ltr'>herzog</span> <span class='ocrx_word' id='word_1_6' title='bbox 826 635 1011 720; x_wconf 73' lang='lat' dir='ltr'>curbtoph.</span> <span class='ocrx_word' id='word_1_7' title='bbox 1094 650 1096 654; x_wconf 71' lang='grc'><strong>“</strong></span> 
     </span>
    </p>
   </div>
   <div class='ocr_carea' id='block_1_4' title="bbox 487 758 997 833">
    <p class='ocr_par' dir='ltr' id='par_1_4' title="bbox 487 758 997 833">
     <span class='ocr_line' id='line_1_4' title="bbox 487 758 997 833; baseline -0.006 -15"><span class='ocrx_word' id='word_1_8' title='bbox 487 758 639 833; x_wconf 80' lang='lat' dir='ltr'>Tdbingen</span> <span class='ocrx_word' id='word_1_9' title='bbox 660 763 696 819; x_wconf 84' lang='lat'>31</span> <span class='ocrx_word' id='word_1_10' title='bbox 719 758 890 832; x_wconf 79' lang='lat' dir='ltr'>September</span> <span class='ocrx_word' id='word_1_11' title='bbox 912 759 997 815; x_wconf 81' lang='lat'>1564.</span> 
     </span>
    </p>
   </div>
   <div class='ocr_carea' id='block_1_5' title="bbox 247 866 1323 937">
    <p class='ocr_par' dir='ltr' id='par_1_5' title="bbox 247 866 1323 937">
     <span class='ocr_line' id='line_1_5' title="bbox 247 866 1323 937; baseline -0.008 -11"><span class='ocrx_word' id='word_1_12' title='bbox 247 871 355 928; x_wconf 83' lang='lat' dir='ltr'>Meldet</span> <span class='ocrx_word' id='word_1_13' title='bbox 380 871 456 927; x_wconf 87' lang='lat' dir='ltr'>seina</span> <span class='ocrx_word' id='word_1_14' title='bbox 484 869 623 925; x_wconf 84' lang='lat' dir='ltr'>rllolrlrehr</span> <span class='ocrx_word' id='word_1_15' title='bbox 651 886 705 924; x_wconf 88' lang='lat' dir='ltr'>von</span> <span class='ocrx_word' id='word_1_16' title='bbox 731 868 940 925; x_wconf 82' lang='lat' dir='ltr'>Sohslllrausen.</span> <span class='ocrx_word' id='word_1_17' title='bbox 977 866 1170 937; x_wconf 78' lang='lat' dir='ltr'>Neuigkeiten</span> <span class='ocrx_word' id='word_1_18' title='bbox 1200 883 1250 918; x_wconf 79' lang='lat' dir='ltr'>aurs</span> <span class='ocrx_word' id='word_1_19' title='bbox 1277 866 1323 919; x_wconf 83' lang='lat' dir='ltr'>dor</span> 
     </span>
    </p>
   </div>
   <div class='ocr_carea' id='block_1_6' title="bbox 170 968 1216 1138">
    <p class='ocr_par' dir='ltr' id='par_1_6' title="bbox 170 968 1216 1138">
     <span class='ocr_line' id='line_1_6' title="bbox 170 968 303 1024; baseline -0.008 -1"><span class='ocrx_word' id='word_1_20' title='bbox 170 968 303 1024; x_wconf 77' lang='lat' dir='ltr'>Schwein.</span> 
     </span>
     <span class='ocr_line' id='line_1_7' title="bbox 248 1062 1216 1138; baseline -0.006 -14"><span class='ocrx_word' id='word_1_21' title='bbox 248 1066 445 1125; x_wconf 82' lang='lat' dir='ltr'>illustrissime</span> <span class='ocrx_word' id='word_1_22' title='bbox 467 1065 610 1138; x_wconf 82' lang='lat' dir='ltr'>Princeps</span> <span class='ocrx_word' id='word_1_23' title='bbox 630 1073 660 1124; x_wconf 92' lang='lat' dir='ltr'>et</span> <span class='ocrx_word' id='word_1_24' title='bbox 680 1067 803 1125; x_wconf 86' lang='lat' dir='ltr'>Domine</span> <span class='ocrx_word' id='word_1_25' title='bbox 823 1063 946 1123; x_wconf 89' lang='lat' dir='ltr'>Domine</span> <span class='ocrx_word' id='word_1_26' title='bbox 967 1062 1216 1122; x_wconf 80' lang='lat' dir='ltr'>clementissime!</span> 
     </span>
    </p>
   </div>
   <div class='ocr_carea' id='block_1_7' title="bbox 168 1163 1323 3532">
    <p class='ocr_par' dir='ltr' id='par_1_7' title="bbox 168 1163 1322 3016">
     <span class='ocr_line' id='line_1_8' title="bbox 247 1163 1321 1244; baseline -0.007 -17"><span class='ocrx_word' id='word_1_27' title='bbox 247 1169 355 1244; x_wconf 81' lang='lat' dir='ltr'>Scripsi</span> <span class='ocrx_word' id='word_1_28' title='bbox 366 1177 434 1229; x_wconf 87' lang='lat' dir='ltr'>ante</span> <span class='ocrx_word' id='word_1_29' title='bbox 444 1186 551 1244; x_wconf 90' lang='lat' dir='ltr'>paucos</span> <span class='ocrx_word' id='word_1_30' title='bbox 562 1170 633 1242; x_wconf 87' lang='lat' dir='ltr'>dies,</span> <span class='ocrx_word' id='word_1_31' title='bbox 648 1186 694 1229; x_wconf 92' lang='lat' dir='ltr'>me</span> <span class='ocrx_word' id='word_1_32' title='bbox 708 1175 839 1229; x_wconf 86' lang='lat' dir='ltr'>vocatum</span> <span class='ocrx_word' id='word_1_33' title='bbox 853 1184 907 1242; x_wconf 91' lang='lat' dir='ltr'>per</span> <span class='ocrx_word' id='word_1_34' title='bbox 920 1169 1034 1228; x_wconf 81' lang='lat' dir='ltr'>litteras</span> <span class='ocrx_word' id='word_1_35' title='bbox 1048 1183 1067 1225; x_wconf 94' lang='lat' dir='ltr'>a</span> <span class='ocrx_word' id='word_1_36' title='bbox 1079 1163 1321 1223; x_wconf 88' lang='lat' dir='ltr'>reverendissimo</span> 
     </span>
     <span class='ocr_line' id='line_1_9' title="bbox 171 1266 1320 1355; baseline -0.005 -23"><span class='ocrx_word' id='word_1_37' title='bbox 171 1274 304 1346; x_wconf 87' lang='lat' dir='ltr'>episcopo</span> <span class='ocrx_word' id='word_1_38' title='bbox 325 1271 534 1355; x_wconf 73' lang='lat' dir='ltr'>Sasmlontana</span> <span class='ocrx_word' id='word_1_39' title='bbox 554 1273 782 1332; x_wconf 83' lang='lat' dir='ltr'>christianissimi</span> <span class='ocrx_word' id='word_1_40' title='bbox 803 1271 950 1331; x_wconf 83' lang='lat' dir='ltr'>Gallorum</span> <span class='ocrx_word' id='word_1_41' title='bbox 979 1271 1056 1343; x_wconf 83' lang='lat' dir='ltr'>regis</span> <span class='ocrx_word' id='word_1_42' title='bbox 1083 1270 1180 1340; x_wconf 85' lang='lat' dir='ltr'>legato</span> <span class='ocrx_word' id='word_1_43' title='bbox 1202 1266 1320 1328; x_wconf 82' lang='lat' dir='ltr'>Subutu-</span> 
     </span>
     <span class='ocr_line' id='line_1_10' title="bbox 170 1375 1320 1451; baseline -0.005 -16"><span class='ocrx_word' id='word_1_44' title='bbox 170 1379 242 1436; x_wconf 89' lang='lat' dir='ltr'>sium</span> <span class='ocrx_word' id='word_1_45' title='bbox 264 1375 426 1450; x_wconf 86' lang='lat' dir='ltr'>proiectum</span> <span class='ocrx_word' id='word_1_46' title='bbox 447 1393 511 1437; x_wconf 87' lang='lat' dir='ltr'>esse</span> <span class='ocrx_word' id='word_1_47' title='bbox 522 1376 540 1436; x_wconf 91' lang='lat'>¹.</span> <span class='ocrx_word' id='word_1_48' title='bbox 583 1378 665 1437; x_wconf 89' lang='lat' dir='ltr'>Nunc</span> <span class='ocrx_word' id='word_1_49' title='bbox 685 1378 776 1437; x_wconf 88' lang='lat' dir='ltr'>dicam</span> <span class='ocrx_word' id='word_1_50' title='bbox 798 1375 919 1451; x_wconf 80' lang='lat' dir='ltr'>reliqna.</span> <span class='ocrx_word' id='word_1_51' title='bbox 949 1376 1008 1433; x_wconf 91' lang='lat' dir='ltr'>Per</span> <span class='ocrx_word' id='word_1_52' title='bbox 1023 1375 1188 1433; x_wconf 87' lang='lat' dir='ltr'>Helvetiam</span> <span class='ocrx_word' id='word_1_53' title='bbox 1211 1389 1320 1445; x_wconf 78' lang='lat' dir='ltr'>grassu-</span> 
     </span>
     <span class='ocr_line' id='line_1_11' title="bbox 171 1479 1321 1554; baseline -0.003 -14"><span class='ocrx_word' id='word_1_54' title='bbox 171 1488 220 1540; x_wconf 89' lang='lat' dir='ltr'>tur</span> <span class='ocrx_word' id='word_1_55' title='bbox 240 1480 406 1553; x_wconf 89' lang='lat' dir='ltr'>pestilentia</span> <span class='ocrx_word' id='word_1_56' title='bbox 434 1487 464 1537; x_wconf 93' lang='lat' dir='ltr'>et</span> <span class='ocrx_word' id='word_1_57' title='bbox 490 1482 579 1553; x_wconf 86' lang='lat' dir='ltr'>coepit</span> <span class='ocrx_word' id='word_1_58' title='bbox 607 1498 699 1554; x_wconf 90' lang='lat' dir='ltr'>nuper</span> <span class='ocrx_word' id='word_1_59' title='bbox 718 1481 818 1552; x_wconf 75' lang='lat' dir='ltr'>Tignri</span> <span class='ocrx_word' id='word_1_60' title='bbox 846 1482 916 1539; x_wconf 90' lang='lat' dir='ltr'>satis</span> <span class='ocrx_word' id='word_1_61' title='bbox 943 1482 1080 1553; x_wconf 81' lang='lat' dir='ltr'>graviter.</span> <span class='ocrx_word' id='word_1_62' title='bbox 1123 1479 1196 1537; x_wconf 84' lang='lat' dir='ltr'>Cum</span> <span class='ocrx_word' id='word_1_63' title='bbox 1223 1479 1321 1551; x_wconf 83' lang='lat' dir='ltr'>itaque</span> 
     </span>
     <span class='ocr_line' id='line_1_12' title="bbox 170 1582 1321 1658; baseline -0.003 -15"><span class='ocrx_word' id='word_1_64' title='bbox 170 1583 380 1644; x_wconf 84' lang='lat' dir='ltr'>Bassafontana</span> <span class='ocrx_word' id='word_1_65' title='bbox 399 1585 538 1658; x_wconf 80' lang='lat' dir='ltr'>Tigurnm</span> <span class='ocrx_word' id='word_1_66' title='bbox 559 1584 734 1643; x_wconf 76' lang='lat' dir='ltr'>declinasset</span> <span class='ocrx_word' id='word_1_67' title='bbox 762 1591 792 1643; x_wconf 91' lang='lat' dir='ltr'>et</span> <span class='ocrx_word' id='word_1_68' title='bbox 813 1582 992 1642; x_wconf 88' lang='lat' dir='ltr'>Schafusium</span> <span class='ocrx_word' id='word_1_69' title='bbox 1015 1584 1143 1642; x_wconf 84' lang='lat' dir='ltr'>venisset</span> <span class='ocrx_word' id='word_1_70' title='bbox 1162 1583 1321 1641; x_wconf 85' lang='lat' dir='ltr'>intellexis-</span> 
     </span>
     <span class='ocr_line' id='line_1_13' title="bbox 171 1686 1321 1762; baseline -0.001 -16"><span class='ocrx_word' id='word_1_71' title='bbox 171 1693 274 1760; x_wconf 86' lang='lat' dir='ltr'>setque</span> <span class='ocrx_word' id='word_1_72' title='bbox 295 1686 331 1745; x_wconf 92' lang='lat' dir='ltr'>de</span> <span class='ocrx_word' id='word_1_73' title='bbox 351 1687 534 1761; x_wconf 89' lang='lat' dir='ltr'>pestilentia,</span> <span class='ocrx_word' id='word_1_74' title='bbox 564 1703 627 1760; x_wconf 79' lang='lat' dir='ltr'>qnae</span> <span class='ocrx_word' id='word_1_75' title='bbox 647 1688 765 1758; x_wconf 37' lang='lat' dir='ltr'>passim!</span> <span class='ocrx_word' id='word_1_76' title='bbox 778 1687 909 1755; x_wconf 73' lang='lat' dir='ltr'>seviret,</span> <span class='ocrx_word' id='word_1_77' title='bbox 937 1689 1081 1762; x_wconf 78' lang='lat' dir='ltr'>proripuit</span> <span class='ocrx_word' id='word_1_78' title='bbox 1102 1705 1133 1747; x_wconf 90' lang='lat' dir='ltr'>se</span> <span class='ocrx_word' id='word_1_79' title='bbox 1154 1693 1265 1761; x_wconf 87' lang='lat' dir='ltr'>quanto</span> <span class='ocrx_word' id='word_1_80' title='bbox 1286 1687 1321 1745; x_wconf 91' lang='lat' dir='ltr'>ci·</span> 
     </span>
     <span class='ocr_line' id='line_1_14' title="bbox 171 1789 1319 1866; baseline -0.001 -17"><span class='ocrx_word' id='word_1_81' title='bbox 171 1792 230 1850; x_wconf 89' lang='lat' dir='ltr'>tius</span> <span class='ocrx_word' id='word_1_82' title='bbox 251 1796 281 1850; x_wconf 92' lang='lat' dir='ltr'>et</span> <span class='ocrx_word' id='word_1_83' title='bbox 301 1790 424 1851; x_wconf 89' lang='lat' dir='ltr'>Galliam</span> <span class='ocrx_word' id='word_1_84' title='bbox 445 1807 546 1849; x_wconf 91' lang='lat' dir='ltr'>versus</span> <span class='ocrx_word' id='word_1_85' title='bbox 565 1790 623 1849; x_wconf 90' lang='lat' dir='ltr'>iter</span> <span class='ocrx_word' id='word_1_86' title='bbox 650 1791 765 1849; x_wconf 85' lang='lat' dir='ltr'>direxit.</span> <span class='ocrx_word' id='word_1_87' title='bbox 807 1789 878 1849; x_wconf 87' lang='lat' dir='ltr'>Cum</span> <span class='ocrx_word' id='word_1_88' title='bbox 902 1791 1000 1864; x_wconf 87' lang='lat' dir='ltr'>itaque</span> <span class='ocrx_word' id='word_1_89' title='bbox 1028 1810 1120 1866; x_wconf 91' lang='lat' dir='ltr'>prope</span> <span class='ocrx_word' id='word_1_90' title='bbox 1142 1790 1319 1850; x_wconf 85' lang='lat' dir='ltr'>Sebaiuslnm</span> 
     </span>
     <span class='ocr_line' id='line_1_15' title="bbox 169 1897 1319 1970; baseline -0.001 -16"><span class='ocrx_word' id='word_1_91' title='bbox 169 1898 329 1970; x_wconf 79' lang='lat' dir='ltr'>venissem,</span> <span class='ocrx_word' id='word_1_92' title='bbox 354 1914 412 1955; x_wconf 89' lang='lat' dir='ltr'>noa</span> <span class='ocrx_word' id='word_1_93' title='bbox 431 1898 542 1969; x_wconf 90' lang='lat' dir='ltr'>inveni;</span> <span class='ocrx_word' id='word_1_94' title='bbox 574 1905 639 1957; x_wconf 91' lang='lat' dir='ltr'>erat</span> <span class='ocrx_word' id='word_1_95' title='bbox 659 1898 734 1955; x_wconf 91' lang='lat' dir='ltr'>enim</span> <span class='ocrx_word' id='word_1_96' title='bbox 754 1898 865 1969; x_wconf 79' lang='lat' dir='ltr'>mugnis</span> <span class='ocrx_word' id='word_1_97' title='bbox 885 1897 1039 1956; x_wconf 85' lang='lat' dir='ltr'>itineribus</span> <span class='ocrx_word' id='word_1_98' title='bbox 1060 1897 1237 1955; x_wconf 89' lang='lat' dir='ltr'>Solodurum</span> <span class='ocrx_word' id='word_1_99' title='bbox 1257 1913 1319 1968; x_wconf 90' lang='lat' dir='ltr'>pro·</span> 
     </span>
     <span class='ocr_line' id='line_1_16' title="bbox 170 1997 1318 2075; baseline 0.001 -18"><span class='ocrx_word' id='word_1_100' title='bbox 170 1997 272 2059; x_wconf 85' lang='lat' dir='ltr'>fectus.</span> <span class='ocrx_word' id='word_1_101' title='bbox 314 2000 410 2072; x_wconf 82' lang='lat' dir='ltr'>Quare</span> <span class='ocrx_word' id='word_1_102' title='bbox 431 2000 610 2060; x_wconf 90' lang='lat' dir='ltr'>redeundum</span> <span class='ocrx_word' id='word_1_103' title='bbox 629 2000 730 2073; x_wconf 88' lang='lat' dir='ltr'>putavi</span> <span class='ocrx_word' id='word_1_104' title='bbox 750 2008 780 2060; x_wconf 92' lang='lat' dir='ltr'>et</span> <span class='ocrx_word' id='word_1_105' title='bbox 800 2001 893 2060; x_wconf 88' lang='lat' dir='ltr'>redivi</span> <span class='ocrx_word' id='word_1_106' title='bbox 913 2018 970 2061; x_wconf 90' lang='lat' dir='ltr'>uon</span> <span class='ocrx_word' id='word_1_107' title='bbox 991 2005 1052 2062; x_wconf 89' lang='lat' dir='ltr'>viso</span> <span class='ocrx_word' id='word_1_108' title='bbox 1072 2018 1124 2074; x_wconf 91' lang='lat' dir='ltr'>eo,</span> <span class='ocrx_word' id='word_1_109' title='bbox 1156 2019 1174 2060; x_wconf 91' lang='lat' dir='ltr'>a</span> <span class='ocrx_word' id='word_1_110' title='bbox 1195 2017 1253 2075; x_wconf 86' lang='lat' dir='ltr'>quo</span> <span class='ocrx_word' id='word_1_111' title='bbox 1272 2016 1318 2057; x_wconf 85' lang='lat' dir='ltr'>en·</span> 
     </span>
     <span class='ocr_line' id='line_1_17' title="bbox 170 2103 1320 2179; baseline 0.001 -17"><span class='ocrx_word' id='word_1_112' title='bbox 170 2103 332 2177; x_wconf 78' lang='lat' dir='ltr'>spectabat.</span> <span class='ocrx_word' id='word_1_113' title='bbox 373 2104 419 2164; x_wconf 89' lang='lat' dir='ltr'>Sic</span> <span class='ocrx_word' id='word_1_114' title='bbox 440 2121 487 2163; x_wconf 92' lang='lat' dir='ltr'>res</span> <span class='ocrx_word' id='word_1_115' title='bbox 508 2109 562 2162; x_wconf 89' lang='lat' dir='ltr'>est.</span> <span class='ocrx_word' id='word_1_116' title='bbox 603 2103 699 2163; x_wconf 88' lang='lat' dir='ltr'>Pauca</span> <span class='ocrx_word' id='word_1_117' title='bbox 720 2104 817 2162; x_wconf 89' lang='lat' dir='ltr'>audivi</span> <span class='ocrx_word' id='word_1_118' title='bbox 838 2104 874 2164; x_wconf 92' lang='lat' dir='ltr'>de</span> <span class='ocrx_word' id='word_1_119' title='bbox 895 2106 984 2178; x_wconf 91' lang='lat' dir='ltr'>ipsius</span> <span class='ocrx_word' id='word_1_120' title='bbox 1012 2107 1153 2179; x_wconf 77' lang='lat' dir='ltr'>negotiis3</span> <span class='ocrx_word' id='word_1_121' title='bbox 1184 2104 1320 2164; x_wconf 82' lang='lat' dir='ltr'>voluisset</span> 
     </span>
     <span class='ocr_line' id='line_1_18' title="bbox 170 2208 1320 2283; baseline 0.003 -17"><span class='ocrx_word' id='word_1_122' title='bbox 170 2208 287 2267; x_wconf 90' lang='lat' dir='ltr'>trahere</span> <span class='ocrx_word' id='word_1_123' title='bbox 309 2210 339 2266; x_wconf 92' lang='lat' dir='ltr'>in</span> <span class='ocrx_word' id='word_1_124' title='bbox 359 2208 635 2269; x_wconf 70' lang='lat' dir='ltr'>confoederationem</span> <span class='ocrx_word' id='word_1_125' title='bbox 656 2212 701 2268; x_wconf 93' lang='lat' dir='ltr'>sui</span> <span class='ocrx_word' id='word_1_126' title='bbox 715 2210 793 2283; x_wconf 79' lang='lat' dir='ltr'>regis</span> <span class='ocrx_word' id='word_1_127' title='bbox 807 2210 933 2269; x_wconf 89' lang='lat' dir='ltr'>Bernam</span> <span class='ocrx_word' id='word_1_128' title='bbox 948 2217 977 2270; x_wconf 87' lang='lat' dir='ltr'>et</span> <span class='ocrx_word' id='word_1_129' title='bbox 993 2211 1141 2282; x_wconf 74' lang='lat' dir='ltr'>&#39;ligurum</span> <span class='ocrx_word' id='word_1_130' title='bbox 1163 2211 1214 2268; x_wconf 90' lang='lat' dir='ltr'>sed</span> <span class='ocrx_word' id='word_1_131' title='bbox 1237 2210 1320 2269; x_wconf 88' lang='lat' dir='ltr'>audio</span> 
     </span>
     <span class='ocr_line' id='line_1_19' title="bbox 171 2313 1321 2388; baseline 0.003 -19"><span class='ocrx_word' id='word_1_132' title='bbox 171 2316 305 2370; x_wconf 88' lang='lat' dir='ltr'>neutrum</span> <span class='ocrx_word' id='word_1_133' title='bbox 325 2313 549 2384; x_wconf 85' lang='lat' dir='ltr'>potuisse‚¹nam</span> <span class='ocrx_word' id='word_1_134' title='bbox 563 2321 717 2388; x_wconf 87' lang='lat' dir='ltr'>utrumqne</span> <span class='ocrx_word' id='word_1_135' title='bbox 738 2314 826 2375; x_wconf 86' lang='lat' dir='ltr'>habet</span> <span class='ocrx_word' id='word_1_136' title='bbox 845 2317 873 2374; x_wconf 91' lang='lat' dir='ltr'>in</span> <span class='ocrx_word' id='word_1_137' title='bbox 896 2317 990 2374; x_wconf 88' lang='lat' dir='ltr'>animo</span> <span class='ocrx_word' id='word_1_138' title='bbox 1011 2333 1200 2387; x_wconf 87' lang='lat' dir='ltr'>perseverare</span> <span class='ocrx_word' id='word_1_139' title='bbox 1221 2316 1250 2372; x_wconf 93' lang='lat' dir='ltr'>in</span> <span class='ocrx_word' id='word_1_140' title='bbox 1271 2331 1321 2373; x_wconf 90' lang='lat' dir='ltr'>sna</span> 
     </span>
     <span class='ocr_line' id='line_1_20' title="bbox 170 2416 1321 2494; baseline 0.003 -21"><span class='ocrx_word' id='word_1_141' title='bbox 170 2416 375 2476; x_wconf 79' lang='lat' dir='ltr'>reformatione</span> <span class='ocrx_word' id='word_1_142' title='bbox 396 2425 427 2476; x_wconf 92' lang='lat' dir='ltr'>et</span> <span class='ocrx_word' id='word_1_143' title='bbox 447 2434 549 2478; x_wconf 87' lang='lat' dir='ltr'>cavere</span> <span class='ocrx_word' id='word_1_144' title='bbox 570 2437 588 2478; x_wconf 87' lang='lat' dir='ltr'>a</span> <span class='ocrx_word' id='word_1_145' title='bbox 608 2421 709 2494; x_wconf 89' lang='lat' dir='ltr'>quovis</span> <span class='ocrx_word' id='word_1_146' title='bbox 735 2418 865 2487; x_wconf 74' lang='lat' dir='ltr'>laedere,</span> <span class='ocrx_word' id='word_1_147' title='bbox 895 2422 923 2479; x_wconf 89' lang='lat' dir='ltr'>in</span> <span class='ocrx_word' id='word_1_148' title='bbox 953 2439 1010 2494; x_wconf 88' lang='lat' dir='ltr'>qno</span> <span class='ocrx_word' id='word_1_149' title='bbox 1039 2422 1142 2480; x_wconf 89' lang='lat' dir='ltr'>liceret</span> <span class='ocrx_word' id='word_1_150' title='bbox 1169 2421 1321 2494; x_wconf 88' lang='lat' dir='ltr'>pensiones</span> 
     </span>
     <span class='ocr_line' id='line_1_21' title="bbox 169 2521 1319 2598; baseline 0.001 -19"><span class='ocrx_word' id='word_1_151' title='bbox 169 2521 300 2595; x_wconf 89' lang='lat' dir='ltr'>recipere</span> <span class='ocrx_word' id='word_1_152' title='bbox 321 2528 351 2580; x_wconf 91' lang='lat' dir='ltr'>et</span> <span class='ocrx_word' id='word_1_153' title='bbox 371 2523 428 2580; x_wconf 89' lang='lat' dir='ltr'>alia</span> <span class='ocrx_word' id='word_1_154' title='bbox 448 2521 559 2596; x_wconf 86' lang='lat' dir='ltr'>lacere,</span> <span class='ocrx_word' id='word_1_155' title='bbox 592 2542 655 2598; x_wconf 83' lang='lat' dir='ltr'>quae</span> <span class='ocrx_word' id='word_1_156' title='bbox 683 2523 863 2584; x_wconf 85' lang='lat' dir='ltr'>factitabant.</span> <span class='ocrx_word' id='word_1_157' title='bbox 905 2527 967 2597; x_wconf 80' lang='lat' dir='ltr'>Qua</span> <span class='ocrx_word' id='word_1_158' title='bbox 987 2527 1016 2583; x_wconf 92' lang='lat' dir='ltr'>in</span> <span class='ocrx_word' id='word_1_159' title='bbox 1039 2542 1071 2583; x_wconf 95' lang='lat' dir='ltr'>re</span> <span class='ocrx_word' id='word_1_160' title='bbox 1093 2525 1231 2583; x_wconf 84' lang='lat' dir='ltr'>videntur</span> <span class='ocrx_word' id='word_1_161' title='bbox 1252 2525 1319 2582; x_wconf 85' lang='lat' dir='ltr'>mibi</span> 
     </span>
     <span class='ocr_line' id='line_1_22' title="bbox 168 2625 1321 2702; baseline 0.003 -19"><span class='ocrx_word' id='word_1_162' title='bbox 168 2625 239 2684; x_wconf 87' lang='lat' dir='ltr'>satis</span> <span class='ocrx_word' id='word_1_163' title='bbox 260 2626 391 2686; x_wconf 88' lang='lat' dir='ltr'>consulte</span> <span class='ocrx_word' id='word_1_164' title='bbox 412 2643 507 2699; x_wconf 83' lang='lat' dir='ltr'>agere.</span> <span class='ocrx_word' id='word_1_165' title='bbox 550 2627 661 2688; x_wconf 85' lang='lat' dir='ltr'>Curunt</span> <span class='ocrx_word' id='word_1_166' title='bbox 681 2628 802 2702; x_wconf 83' lang='lat' dir='ltr'>deinde,</span> <span class='ocrx_word' id='word_1_167' title='bbox 823 2630 847 2687; x_wconf 90' lang='lat' dir='ltr'>si</span> <span class='ocrx_word' id='word_1_168' title='bbox 869 2632 995 2702; x_wconf 83' lang='lat' dir='ltr'>possint,</span> <span class='ocrx_word' id='word_1_169' title='bbox 1017 2631 1181 2688; x_wconf 85' lang='lat' dir='ltr'>instaurare</span> <span class='ocrx_word' id='word_1_170' title='bbox 1204 2644 1321 2687; x_wconf 89' lang='lat' dir='ltr'>concor·</span> 
     </span>
     <span class='ocr_line' id='line_1_23' title="bbox 169 2729 1321 2808; baseline 0.002 -20"><span class='ocrx_word' id='word_1_171' title='bbox 169 2729 260 2802; x_wconf 85' lang='lat' dir='ltr'>diam,</span> <span class='ocrx_word' id='word_1_172' title='bbox 289 2748 373 2804; x_wconf 89' lang='lat' dir='ltr'>quam</span> <span class='ocrx_word' id='word_1_173' title='bbox 394 2731 557 2792; x_wconf 85' lang='lat' dir='ltr'>habuerunt</span> <span class='ocrx_word' id='word_1_174' title='bbox 578 2751 641 2792; x_wconf 90' lang='lat' dir='ltr'>cum</span> <span class='ocrx_word' id='word_1_175' title='bbox 663 2733 785 2793; x_wconf 89' lang='lat' dir='ltr'>dominis</span> <span class='ocrx_word' id='word_1_176' title='bbox 805 2736 931 2807; x_wconf 87' lang='lat' dir='ltr'>Rhaetis,</span> <span class='ocrx_word' id='word_1_177' title='bbox 964 2734 1050 2808; x_wconf 76' lang='lat' dir='ltr'>quod,</span> <span class='ocrx_word' id='word_1_178' title='bbox 1073 2741 1104 2793; x_wconf 95' lang='lat' dir='ltr'>ut</span> <span class='ocrx_word' id='word_1_179' title='bbox 1125 2736 1248 2806; x_wconf 86' lang='lat' dir='ltr'>opinor,</span> <span class='ocrx_word' id='word_1_180' title='bbox 1279 2732 1321 2790; x_wconf 92' lang='lat' dir='ltr'>illi</span> 
     </span>
     <span class='ocr_line' id='line_1_24' title="bbox 170 2835 1322 2912; baseline 0.001 -20"><span class='ocrx_word' id='word_1_181' title='bbox 170 2836 321 2906; x_wconf 87' lang='lat' dir='ltr'>succedet,</span> <span class='ocrx_word' id='word_1_182' title='bbox 349 2837 476 2908; x_wconf 88' lang='lat' dir='ltr'>quamvis</span> <span class='ocrx_word' id='word_1_183' title='bbox 500 2838 591 2895; x_wconf 88' lang='lat' dir='ltr'>multa</span> <span class='ocrx_word' id='word_1_184' title='bbox 619 2837 816 2897; x_wconf 76' lang='lat' dir='ltr'>adversentur.</span> <span class='ocrx_word' id='word_1_185' title='bbox 858 2839 925 2897; x_wconf 91' lang='lat' dir='ltr'>Misi</span> <span class='ocrx_word' id='word_1_186' title='bbox 954 2855 1008 2912; x_wconf 82' lang='lat' dir='ltr'>ego</span> <span class='ocrx_word' id='word_1_187' title='bbox 1032 2835 1207 2896; x_wconf 78' lang='lat' dir='ltr'>llurelinm¹</span> <span class='ocrx_word' id='word_1_188' title='bbox 1228 2852 1322 2894; x_wconf 89' lang='lat' dir='ltr'>meum</span> 
     </span>
     <span class='ocr_line' id='line_1_25' title="bbox 171 2940 1122 3016; baseline 0.001 -19"><span class='ocrx_word' id='word_1_189' title='bbox 171 2947 315 3010; x_wconf 83' lang='lat' dir='ltr'>nepotem,</span> <span class='ocrx_word' id='word_1_190' title='bbox 337 2940 386 3013; x_wconf 88' lang='lat' dir='ltr'>qui</span> <span class='ocrx_word' id='word_1_191' title='bbox 407 2942 572 3000; x_wconf 86' lang='lat' dir='ltr'>tractationi</span> <span class='ocrx_word' id='word_1_192' title='bbox 594 2944 710 3001; x_wconf 88' lang='lat' dir='ltr'>intersit</span> <span class='ocrx_word' id='word_1_193' title='bbox 731 2949 761 3001; x_wconf 91' lang='lat' dir='ltr'>et</span> <span class='ocrx_word' id='word_1_194' title='bbox 782 2942 877 3014; x_wconf 84' lang='lat' dir='ltr'>luctet,</span> <span class='ocrx_word' id='word_1_195' title='bbox 900 2960 964 3016; x_wconf 82' lang='lat' dir='ltr'>qum</span> <span class='ocrx_word' id='word_1_196' title='bbox 986 2943 1122 3014; x_wconf 88' lang='lat' dir='ltr'>potuerit.</span> 
     </span>
    </p>

    <p class='ocr_par' dir='ltr' id='par_1_8' title="bbox 169 3043 1323 3326">
     <span class='ocr_line' id='line_1_26' title="bbox 247 3043 1322 3117; baseline 0 -16"><span class='ocrx_word' id='word_1_197' title='bbox 247 3044 334 3102; x_wconf 89' lang='lat' dir='ltr'>Plura</span> <span class='ocrx_word' id='word_1_198' title='bbox 355 3061 410 3101; x_wconf 94' lang='lat' dir='ltr'>non</span> <span class='ocrx_word' id='word_1_199' title='bbox 431 3044 533 3117; x_wconf 75' lang='lat' dir='ltr'>liabeo,</span> <span class='ocrx_word' id='word_1_200' title='bbox 556 3062 619 3117; x_wconf 81' lang='lat' dir='ltr'>quse</span> <span class='ocrx_word' id='word_1_201' title='bbox 641 3043 772 3103; x_wconf 89' lang='lat' dir='ltr'>scribam.</span> <span class='ocrx_word' id='word_1_202' title='bbox 803 3045 937 3117; x_wconf 80' lang='lat' dir='ltr'>Podogra</span> <span class='ocrx_word' id='word_1_203' title='bbox 951 3062 995 3102; x_wconf 90' lang='lat' dir='ltr'>me</span> <span class='ocrx_word' id='word_1_204' title='bbox 1016 3052 1101 3117; x_wconf 80' lang='lat' dir='ltr'>urget</span> <span class='ocrx_word' id='word_1_205' title='bbox 1121 3060 1176 3117; x_wconf 90' lang='lat' dir='ltr'>per</span> <span class='ocrx_word' id='word_1_206' title='bbox 1196 3046 1322 3117; x_wconf 80' lang='lat' dir='ltr'>gratiam</span> 
     </span>
     <span class='ocr_line' id='line_1_27' title="bbox 171 3147 1323 3218; baseline 0.001 -14"><span class='ocrx_word' id='word_1_207' title='bbox 171 3147 234 3204; x_wconf 86' lang='lat' dir='ltr'>Dei.</span> <span class='ocrx_word' id='word_1_208' title='bbox 282 3147 458 3206; x_wconf 84' lang='lat' dir='ltr'>Commendo</span> <span class='ocrx_word' id='word_1_209' title='bbox 489 3166 533 3206; x_wconf 91' lang='lat' dir='ltr'>me</span> <span class='ocrx_word' id='word_1_210' title='bbox 565 3157 734 3208; x_wconf 83' lang='lat' dir='ltr'>reverenter</span> <span class='ocrx_word' id='word_1_211' title='bbox 761 3149 873 3207; x_wconf 85' lang='lat' dir='ltr'>Vestrae</span> <span class='ocrx_word' id='word_1_212' title='bbox 903 3149 1107 3207; x_wconf 85' lang='lat' dir='ltr'>Illustrissimse</span> <span class='ocrx_word' id='word_1_213' title='bbox 1139 3147 1323 3218; x_wconf 73' lang='lat' dir='ltr'>eelsitudini,</span> 
     </span>
     <span class='ocr_line' id='line_1_28' title="bbox 169 3250 1074 3326; baseline 0.002 -19"><span class='ocrx_word' id='word_1_214' title='bbox 169 3250 253 3308; x_wconf 81' lang='lat' dir='ltr'>lesus</span> <span class='ocrx_word' id='word_1_215' title='bbox 275 3250 406 3311; x_wconf 81' lang='lat' dir='ltr'>Christus</span> <span class='ocrx_word' id='word_1_216' title='bbox 427 3255 466 3312; x_wconf 90' lang='lat' dir='ltr'>sit</span> <span class='ocrx_word' id='word_1_217' title='bbox 486 3254 527 3310; x_wconf 89' lang='lat' dir='ltr'>illl</span> <span class='ocrx_word' id='word_1_218' title='bbox 549 3254 702 3326; x_wconf 85' lang='lat' dir='ltr'>protectio,</span> <span class='ocrx_word' id='word_1_219' title='bbox 724 3254 800 3326; x_wconf 89' lang='lat' dir='ltr'>quod</span> <span class='ocrx_word' id='word_1_220' title='bbox 821 3271 857 3312; x_wconf 87' lang='lat' dir='ltr'>ex</span> <span class='ocrx_word' id='word_1_221' title='bbox 878 3255 974 3312; x_wconf 86' lang='lat' dir='ltr'>auimo</span> <span class='ocrx_word' id='word_1_222' title='bbox 996 3270 1074 3325; x_wconf 83' lang='lat' dir='ltr'>rogo.</span> 
     </span>
    </p>

    <p class='ocr_par' dir='ltr' id='par_1_9' title="bbox 248 3355 752 3429">
     <span class='ocr_line' id='line_1_29' title="bbox 248 3355 752 3429; baseline 0.004 -17"><span class='ocrx_word' id='word_1_223' title='bbox 248 3355 386 3428; x_wconf 79' lang='lat' dir='ltr'>&#39;l&#39;ubiugae</span> <span class='ocrx_word' id='word_1_224' title='bbox 408 3359 442 3414; x_wconf 86' lang='lat'>31</span> <span class='ocrx_word' id='word_1_225' title='bbox 467 3357 645 3429; x_wconf 86' lang='lat' dir='ltr'>Septembris</span> <span class='ocrx_word' id='word_1_226' title='bbox 671 3360 752 3416; x_wconf 82' lang='lat'>1564.</span> 
     </span>
    </p>

    <p class='ocr_par' dir='ltr' id='par_1_10' title="bbox 925 3462 1242 3532">
     <span class='ocr_line' id='line_1_30' title="bbox 925 3462 1242 3532; baseline -0.006 -12"><span class='ocrx_word' id='word_1_227' title='bbox 925 3463 1055 3521; x_wconf 87' lang='lat' dir='ltr'>Servitor</span> <span class='ocrx_word' id='word_1_228' title='bbox 1076 3462 1242 3532; x_wconf 77' lang='lat' dir='ltr'>Vergerius.</span> 
     </span>
    </p>
   </div>
   <div class='ocr_carea' id='block_1_8' title="bbox 708 3721 774 3777">
    <p class='ocr_par' dir='ltr' id='par_1_11' title="bbox 708 3721 774 3777">
     <span class='ocr_line' id='line_1_31' title="bbox 708 3721 774 3777; baseline -0.015 0"><span class='ocrx_word' id='word_1_229' title='bbox 708 3721 774 3777; x_wconf 80' lang='lat'>221.</span> 
     </span>
    </p>
   </div>
   <div class='ocr_carea' id='block_1_9' title="bbox 472 3843 1013 4049">
    <p class='ocr_par' dir='ltr' id='par_1_12' title="bbox 472 3843 1013 4049">
     <span class='ocr_line' id='line_1_32' title="bbox 472 3843 1013 3934; baseline 0.011 -26"><span class='ocrx_word' id='word_1_230' title='bbox 472 3843 597 3932; x_wconf 80' lang='lat' dir='ltr'>Verger</span> <span class='ocrx_word' id='word_1_231' title='bbox 620 3870 662 3912; x_wconf 88' lang='lat' dir='ltr'>an</span> <span class='ocrx_word' id='word_1_232' title='bbox 687 3849 805 3934; x_wconf 83' lang='lat' dir='ltr'>herzog</span> <span class='ocrx_word' id='word_1_233' title='bbox 829 3848 1013 3934; x_wconf 69' lang='lat' dir='ltr'>christoph.</span> 
     </span>
     <span class='ocr_line' id='line_1_33' title="bbox 520 3976 963 4049; baseline 0.011 -15"><span class='ocrx_word' id='word_1_234' title='bbox 520 3976 670 4049; x_wconf 75' lang='lat' dir='ltr'>ratingen</span> <span class='ocrx_word' id='word_1_235' title='bbox 693 3982 709 4035; x_wconf 87' lang='lat'><strong>2</strong></span> <span class='ocrx_word' id='word_1_236' title='bbox 731 3980 857 4039; x_wconf 86' lang='lat' dir='ltr'>October</span> <span class='ocrx_word' id='word_1_237' title='bbox 881 3984 963 4039; x_wconf 73' lang='lat'>1564.</span> 
     </span>
    </p>
   </div>
   <div class='ocr_carea' id='block_1_10' title="bbox 735 4111 750 4143">
    <p class='ocr_par' dir='ltr' id='par_1_13' title="bbox 735 4111 750 4143">
     <span class='ocr_line' id='line_1_34' title="bbox 735 4111 750 4143; baseline 0 0"><span class='ocrx_word' id='word_1_238' title='bbox 735 4111 750 4143; x_wconf 79' lang='grc'><strong>*</strong></span> 
     </span>
    </p>
   </div>
   <div class='ocr_carea' id='block_1_11' title="bbox 235 4204 1383 4352">
    <p class='ocr_par' dir='ltr' id='par_1_14' title="bbox 235 4200 1383 4352">
     <span class='ocr_line' id='line_1_35' title="bbox 235 4204 1383 4349; baseline 0.013 -92"><span class='ocrx_word' id='word_1_239' title='bbox 235 4204 299 4346; x_wconf 55' lang='grc' dir='ltr'>ἐξ.</span> <span class='ocrx_word' id='word_1_240' title='bbox 317 4219 346 4259; x_wconf 88' lang='lat' dir='ltr'>n.</span> <span class='ocrx_word' id='word_1_241' title='bbox 364 4206 426 4349; x_wconf 58' lang='lat' dir='ltr'>{aa</span> <span class='ocrx_word' id='word_1_242' title='bbox 463 4208 514 4263; x_wconf 89' lang='lat' dir='ltr'>Die</span> <span class='ocrx_word' id='word_1_243' title='bbox 540 4210 718 4266; x_wconf 86' lang='lat' dir='ltr'>ablshneude</span> <span class='ocrx_word' id='word_1_244' title='bbox 736 4215 857 4265; x_wconf 86' lang='lat' dir='ltr'>ant-vvort</span> <span class='ocrx_word' id='word_1_245' title='bbox 877 4212 989 4265; x_wconf 84' lang='lat' dir='ltr'>lericbs</span> <span class='ocrx_word' id='word_1_246' title='bbox 1011 4229 1068 4267; x_wconf 87' lang='lat' dir='ltr'>vvar</span> <span class='ocrx_word' id='word_1_247' title='bbox 1087 4210 1283 4283; x_wconf 44' lang='lat' dir='ltr'>romb&amp;</span> <span class='ocrx_word' id='word_1_248' title='bbox 1378 4238 1383 4285; x_wconf 66' lang='lat'><em>5</em></span> 
     </span>
     <span class='ocr_line' id='line_1_36' title="bbox 289 4292 1248 4352; baseline 0.023 -4"><span class='ocrx_word' id='word_1_249' title='bbox 289 4311 343 4349; x_wconf 92' lang='lat' dir='ltr'>.n.</span> <span class='ocrx_word' id='word_1_250' title='bbox 382 4295 425 4352; x_wconf 83' lang='grc'>09.</span> <span class='ocrx_word' id='word_1_251' title='bbox 1245 4292 1248 4299; x_wconf 33' lang='lat'>¹</span> 
     </span>
    </p>
   </div>
   <div class='ocr_carea' id='block_1_12' title="bbox 0 0 1388 4740">
    <p class='ocr_par' dir='ltr' id='par_1_15' title="bbox 0 0 1388 4740">
     <span class='ocr_line' id='line_1_37' title="bbox 0 0 1388 4740; baseline 0 0"><span class='ocrx_word' id='word_1_252' title='bbox 0 0 1388 4740; x_wconf 95' lang='lat' dir='ltr'> </span> 
     </span>
    </p>
   </div>
  </div>
 </body>
</html>
