2768 4740
121 286 191 345 lusu
661 294 721 354 363

119 481 203 538 quarn
230 463 329 523 nullibi
359 463 442 534 attigi
472 463 608 520 articulos
638 471 855 532 «reintrarersos,
888 464 962 536 quod
985 483 1034 523 eos
1056 465 1166 522 videaur
1191 471 1220 522 et
1241 463 1267 521 d.

118 572 268 630 Breutium
290 577 322 628 et
343 569 469 642 reliquos
491 576 629 628 tractasse
652 588 703 643 pro
725 571 882 642 dignitate,
913 569 964 627 sed
986 576 1097 628 tanturm
1120 586 1154 626 oa
1174 568 1267 641 attigi,

118 692 182 750 quse
203 673 314 735 iaciunt
336 673 372 732 ad
394 673 620 732 destructionem
642 680 774 744 perlutus,
795 688 847 744 pro
869 688 933 729 rrreu
953 670 1038 728 virili.
1232 750 1235 757 ι

198 779 242 837 De
269 777 415 850 oepote',
448 776 472 832 is
501 775 605 845 ius-iet,
638 775 777 848 quidquid
803 776 924 846 inusserit
946 775 1050 833 Vestra
1071 774 1266 833 illustrissima

119 881 277 950 celsitudo,
299 890 328 939 et
350 862 464 939 interea
478 880 546 939 dum
559 880 610 938 iIIa
623 879 841 939 Frarrofordiaur
864 879 1071 951 proficiscetur,
1094 879 1216 940 haerebit
1239 881 1265 939 io

117 988 176 1046 suis
196 986 315 1055 studiis,
343 984 525 1059 proiecturus
545 991 660 1057 postea,
691 1001 869 1058 quorsumque
897 985 947 1043 iila
967 984 1133 1058 dignabitur
1150 984 1264 1057 jubere,

119 1089 358 1165 quemadmodum
380 1098 494 1162 egomet
516 1097 677 1161 quoquere
701 1090 814 1148 interea
844 1107 907 1149 oum
937 1089 1056 1162 dignata
1076 1091 1113 1148 sit
1134 1090 1176 1148 itti
1199 1108 1265 1148 eeu·

118 1201 178 1253 tum
199 1193 324 1252 florenos
344 1195 373 1251 iu
395 1210 469 1251 enno
491 1194 682 1264 constituere,
712 1195 788 1265 quod
810 1193 979 1253 factumest
1003 1195 1050 1252 die
1073 1195 1172 1253 XXIII
1193 1213 1266 1268 prae-

119 1299 199 1358 teriti
222 1301 327 1357 mensis
348 1299 418 1356 Julii
449 1299 476 1354 iu
507 1299 679 1365 everarione,
710 1305 742 1356 ut
763 1297 934 1356 Wilbeinms
956 1298 1088 1358 Carietus
1110 1317 1161 1358 sua
1182 1308 1267 1357 manu

118 1386 276 1474 annotarit,
297 1401 463 1474 dignabimur
483 1402 583 1461 eadem
606 1403 755 1461 Celsitudo
777 1404 881 1462 Vestra
903 1403 1099 1462 Illustrissiura
1120 1403 1266 1474 mandare,

120 1517 153 1568 ut
172 1508 216 1567 itti
236 1507 346 1582 aliquid
368 1515 544 1578 numeretur,
567 1509 643 1568 unde
664 1527 694 1568 se
717 1517 804 1581 (preat
825 1514 1018 1567 sustentaret

200 1611 269 1671 Cum
291 1614 353 1672 haee
375 1613 431 1672 diro
453 1615 568 1686 negotia
588 1615 799 1687 proposuissem
821 1615 848 1671 iu
867 1613 1051 1684 Sohumbaolr,
1074 1614 1268 1673 ItiustnssIma

131 1716 280 1776 Celsitudo
300 1717 405 1776 Vestra
432 1717 591 1776 elementer·
618 1717 786 1790 respoudit,
817 1733 848 1775 se
877 1717 1037 1776 babituram
1063 1717 1093 1774 in
1121 1718 1267 1787 mensoria,

122 1829 184 1879 tum
204 1822 260 1879 ista
280 1821 346 1890 duo,
369 1829 427 1880 tum
450 1822 576 1887 tertium,
599 1838 720 1893 eumque
734 1821 952 1894 respoudIssem
975 1837 1037 1892 ego,
1059 1838 1104 1881 me
1125 1821 1182 1879 duo
1203 1830 1266 1880 tan-

120 1936 179 1984 turn
201 1926 304 2000 petiise
325 1933 412 1999 utque
427 1933 580 1985 annotasse
595 1927 624 1983 iu
641 1926 808 1992 roomorIali‚
830 1924 879 1983 iilo
891 1924 1009 1997 dignate
1024 1932 1068 1984 est
1082 1926 1266 1997 subjungere,

119 2046 182 2088 esse
214 2031 331 2088 tertium
364 2030 526 2102 negotium,
558 2037 589 2088 ot
616 2029 727 2087 seilicet
751 2029 787 2086 sit
814 2044 923 2087 memor
943 2028 1122 2101 egritudinis
1143 2046 1213 2088 meae
1235 2036 1265 2089 at

117 2135 303 2201 thermarum¹
325 2134 354 2192 in
376 2133 479 2207 quibus
500 2131 611 2204 fuerim,
634 2139 664 2190 et
686 2138 858 2205 sumptuum.
900 2132 1096 2192 Illustrissime
1118 2133 1265 2206 Princeps

118 2255 175 2297 nou
197 2237 321 2298 iacerem
343 2239 405 2311 ejus
424 2238 466 2295 rei
488 2239 678 2304 mentionem,
707 2238 760 2295 nisi
788 2239 945 2296 necessitas
965 2234 1169 2311 irnpetterat⁸;
1199 2254 1263 2296 uam
1333 2224 1336 2230 ⁵

117 2341 249 2415 proiecto
271 2359 315 2400 rne
343 2344 447 2415 parum
475 2359 571 2400 rerum
602 2343 726 2400 (amnium
754 2344 887 2414 penuria,
916 2343 1023 2415 partim
1051 2343 1192 2416 regritudo
1217 2361 1265 2401 eu-

117 2445 224 2517 huusit,
246 2446 361 2505 ducenti
383 2445 532 2507 dumtaxat
554 2446 599 2504 tric
620 2445 687 2504 anibi
709 2446 737 2503 io
759 2463 834 2504 auno
855 2447 1040 2505 solvuntur,

197 2550 305 2609 lterum
327 2566 470 2623 urgeoro
496 2558 621 2624 quatuor·
640 2550 807 2610 Rhaetorum
837 2551 984 2621 eeclesiis,
1017 2559 1049 2609 ut
1076 2552 1130 2609 sior
1155 2552 1264 2623 aliquot

117 2655 287 2728 sepdmauis
307 2655 382 2728 apud
403 2656 467 2714 idas
487 2672 541 2728 pro
562 2655 756 2727 promovendo
777 2655 888 2714 seilicet
910 2655 1059 2727 stengelio
1081 2654 1262 2729 (qualiscum-

115 2778 172 2833 que
202 2762 276 2828 sIm).
316 2761 451 2820 Nondum
475 2763 547 2819 uerti
579 2761 733 2834 quidquam
759 2738 908 2829 donatiui,
940 2760 1036 2827 credo,
1065 2758 1137 2816 aiios
1164 2775 1264 2831 super·

116 2872 255 2925 venturos
275 2866 395 2924 aliarum
418 2867 603 2926 eeclesiarum
627 2867 759 2935 nisiados,
792 2867 841 2938 qui
870 2867 954 2924 etiarn
984 2881 1029 2922 me
1059 2870 1200 2935 urgeant,
1233 2870 1264 2920 ut

115 2969 267 3042 accedam3
296 2969 396 3028 faciam
419 2987 495 3041 uero,
517 2969 593 3043 quod
616 2970 739 3042 spiritua
760 2975 875 3027 sarnatus
897 2968 1055 3039 nronuerit,
1076 2984 1129 3026 rrae
1150 2966 1199 3025 din
1221 2975 1263 3024 ta-

116 3090 180 3131 men
203 3072 346 3132 affuturus
365 3091 426 3132 sum
438 3083 457 3130 ².

82 3156 90 3166 ’
195 3176 283 3235 Mitto
304 3176 551 3249 supplicationem,
572 3192 656 3248 quani
673 3175 871 3233 IIInstrissisnu
887 3174 1034 3234 Celsitudo
1050 3175 1154 3233 Vestra
1166 3173 1264 3245 digna·

114 3279 195 3341 bitur
215 3281 356 3353 inspicere
378 3287 407 3339 et
428 3287 564 3345 statuere,
586 3279 662 3353 quod
685 3279 802 3339 aPatre
823 3280 932 3338 eoeiesti
948 3279 1158 3349 admonebitur,
1179 3295 1265 3336 eausa

113 3386 245 3460 pertinet
270 3387 307 3446 ad
339 3387 475 3447 bonorem
498 3386 560 3445 nei.
601 3387 776 3445 Commendo
804 3404 848 3444 nne
876 3391 1053 3447 reverenter.
1094 3384 1182 3441 Pater
1208 3400 1265 3442 eoe·

112 3489 198 3549 lestis
211 3498 318 3563 augeat
334 3493 377 3551 iIIi
398 3509 466 3550 suos
487 3492 597 3550 diuinos
618 3490 780 3562 thesauros,
801 3490 933 3564 spiritum
954 3498 984 3549 et
1004 3489 1087 3549 tidem
1111 3507 1162 3561 per
1183 3488 1265 3547 Chri·

111 3600 189 3653 atum
213 3595 359 3655 dominum
381 3603 520 3655 nostrum.

194 3699 336 3773 Tubiugae
357 3701 397 3758 VI
417 3700 550 3759 Octobris
574 3703 656 3759 1562.

345 3804 551 3864 Illustrissimae
572 3805 757 3864 CelsItudInis
779 3806 890 3864 Vestras
910 3806 1033 3864 servitor

1020 3909 1185 3981 I'ergerius.

186 4006 404 4080 Eigouhbudige
424 4009 706 4079 ranubaaernaagan
726 4011 773 4065 des
793 4011 921 4080 herzogs:

186 4111 205 4148 e
223 4094 296 4150 Hau
314 4094 373 4150 sein
393 4112 464 4165 weg.

684 4192 699 4225 1

188 4249 200 4303 l
222 4249 249 4305 S.
273 4268 299 4305 u.
321 4253 379 4308 158.

186 4337 250 4395 18.
273 4356 300 4395 ιι.
321 4338 378 4394 161.
