2768 4740
122 261 190 316 1558
664 272 723 331 ttl

197 437 318 496 Affirmo
346 438 422 510 qnod
449 438 607 510 principos,
638 438 687 510 qui
712 438 823 510 degunt
844 439 873 494 in
895 438 998 505 ltalia,
1028 446 1170 513 quotquot
1190 445 1266 510 snut,

119 542 232 609 l'encti,
253 541 312 600 dax
333 539 487 609 Ferraria,
509 540 568 598 dux
582 540 750 604 Florentiae,
771 541 829 597 dux
847 539 957 613 Urbini,
978 542 1036 601 dux
1051 543 1188 610 Mantum,
1210 543 1268 602 dux

118 647 229 704 Parmae
251 652 281 703 et
301 645 457 703 Placentiae
479 653 509 703 et
530 646 635 716 reliqui
657 645 801 703 domicelli
823 662 989 716 persuasum
1011 646 1130 719 liabent,
1156 648 1180 706 si
1200 664 1267 706 con·

116 750 211 807 cilium
234 747 437 807 celebrandum
463 748 517 818 sit,
542 747 605 807 fore
633 756 665 807 ut
691 749 857 808 celebretur
878 751 1064 810 christianum
1085 758 1115 810 ct
1134 752 1266 823 liberum,

116 853 214 927 qualia
233 853 356 925 legimus
375 853 486 925 aliquot
504 851 594 911 fnisse
616 851 762 911 celebrata
781 853 938 927 aliqnando
958 855 986 912 io
1007 855 1129 914 ccclesia
1152 856 1216 928 Dei,
1237 858 1266 915 in

116 957 220 1032 quibus
240 965 374 1030 pastores
395 963 482 1030 atque
504 958 553 1015 alii
574 957 642 1016 boni
663 958 732 1027 viri,
754 960 864 1031 pietate
885 965 915 1017 et
935 959 1066 1018 doctrina
1086 967 1265 1034 praestantes,

114 1062 199 1119 liberi
221 1062 360 1134 imprimis
379 1061 416 1118 ab
431 1063 507 1119 omni
524 1061 636 1120 vinculo
650 1062 817 1134 juramenti,
839 1079 895 1134 qno
918 1064 998 1136 papis
1024 1063 1264 1138 astringerentur,

116 1173 146 1222 ct
166 1168 250 1223 vacui
272 1165 308 1223 ab
329 1167 406 1222 omni
426 1165 568 1237 passione,
591 1164 722 1223 omnibus
739 1165 895 1235 diligenter
908 1167 1024 1236 auditis,
1046 1167 1093 1239 qui
1108 1168 1265 1226 voluissent

112 1270 262 1341 accedere,
283 1270 511 1342 pronunciabant
531 1270 631 1337 libere,
654 1268 732 1341 quod
752 1270 925 1328 sentiebant.

195 1374 266 1432 Tale
288 1377 405 1448 inquam
431 1374 580 1431 concilium
602 1372 747 1445 principes
768 1373 860 1430 ltaliae
889 1372 980 1448 (quod
1006 1373 1165 1433 certissime
1192 1374 1264 1451 scio)

115 1485 324 1551 persuaserunt
344 1478 407 1547 sibi,
429 1478 535 1550 Papam
557 1477 632 1534 velle
653 1476 812 1547 celebrare,
844 1484 933 1551 atquo
963 1478 1030 1536 ideo
1051 1480 1074 1535 si
1096 1479 1165 1536 nilril
1186 1478 1264 1536 alind

115 1582 290 1654 intelligant,
312 1582 448 1640 facillime
469 1581 617 1651 patientur
637 1570 691 1637 sibi
713 1580 831 1652 abipso
852 1581 931 1651 Papa
952 1581 1137 1653 persuaderi,
1159 1588 1192 1639 ut
1212 1599 1265 1654 pro

117 1688 185 1744 talis
206 1686 320 1745 concilii
342 1685 512 1744 executione
532 1699 612 1741 arma
633 1685 760 1757 capiant;
782 1701 847 1741 nam
868 1685 1027 1757 justissima
1047 1685 1104 1743 illis
1120 1685 1265 1745 videbitur

118 1807 205 1848 crosa
225 1790 304 1861 belli,
327 1805 419 1862 nequo
440 1779 577 1861 poteraut
596 1805 627 1845 sa
650 1804 798 1858 excusare,
819 1805 855 1845 nc
876 1791 999 1861 capiant.

197 1895 307 1953 Iterum
335 1894 417 1964 dico,
448 1892 524 1965 quod
546 1891 665 1964 aldrino,
693 1893 838 1966 principes
857 1892 950 1951 Italiae
972 1911 1044 1960 esso,
1072 1894 1110 1951 ita
1134 1899 1166 1950 ut
1187 1893 1260 1964 dico,

116 2014 279 2069 persuasos,
300 1997 472 2056 crediderim
493 2003 589 2053 antem
611 2012 666 2054 non
688 1995 775 2053 alitor
795 2011 949 2066 persuasos
969 2012 1050 2064 csse,
1078 2011 1175 2068 ragom
1197 1997 1264 2056 Gal·

115 2102 218 2172 lorum,
239 2119 337 2173 rogem
358 2101 572 2172 Hispaniarum,
592 2115 689 2170 regem
714 2099 881 2172 Lusitania,
903 2115 1000 2171 regom
1021 2100 1184 2159 Poloniae„

194 2204 265 2262 Cum
286 2206 408 2278 primum
433 2204 522 2276 igitur
542 2205 623 2276 Papa
650 2204 831 2274 evulgaverit
858 2204 1044 2262 indictionem
1071 2204 1202 2275 concilii,
1234 2206 1263 2262 in

115 2325 173 2380 qua
192 2308 293 2381 procul
314 2307 402 2366 dubio
424 2307 591 2380 apparebit,
613 2309 695 2366 illam
717 2308 791 2367 velle
813 2308 1023 2382 iniquissimum
1044 2308 1196 2369 concilium
1217 2326 1264 2369 cc·

114 2412 239 2483 labrare,
260 2418 330 2470 tunc
349 2415 446 2470 statim
467 2419 599 2485 putarem
619 2412 802 2471 adornandos
816 2412 852 2472 ab
865 2413 1066 2472 illustrissimis
1080 2413 1263 2486 principibus,

114 2518 164 2590 qui
178 2518 327 2589 evangelio
349 2532 451 2574 nornen
475 2516 627 2587 dederunt,
649 2518 831 2588 gravissimas
851 2517 1012 2590 legationes
1033 2525 1091 2575 tarn
1112 2517 1148 2575 ad
1169 2533 1262 2590 reges,

114 2637 200 2692 quam
221 2620 258 2678 ad
279 2622 423 2693 principes
443 2620 537 2678 Italiae
558 2618 665 2677 stillis
696 2636 759 2678 esse
787 2618 1023 2690 significandum,
1054 2621 1161 2693 Papam
1183 2621 1262 2678 evul-

112 2742 197 2796 gasse
219 2725 405 2783 indictionem
427 2725 556 2795 concilii,
588 2725 618 2780 in
643 2739 699 2797 qna
719 2731 819 2795 aperte
840 2741 871 2782 sc
892 2723 997 2796 prodit,
1019 2724 1092 2783 velle
1113 2727 1264 2796 ipsammet

109 2829 240 2900 judicem
262 2846 326 2888 esse
347 2830 375 2885 in
403 2845 489 2886 causa
520 2828 654 2900 propria,
687 2834 716 2884 et
743 2843 796 2900 per
826 2845 892 2886 suos
922 2828 1087 2899 conjuratos
1115 2827 1263 2900 episcopos

117 2939 264 3004 statuero,
291 2932 425 3006 quicquid
447 2932 500 2989 sibi
521 2932 681 3004 placuerit,
713 2931 789 3005 quod
811 2938 853 2989 ost
874 2933 1067 3005 inquissimam
1098 2940 1183 3005 atquc
1214 2930 1264 2988 ab·

115 3037 324 3095 surdissimum.
374 3038 470 3109 Quare
501 3036 646 3110 principes
673 3043 868 3108 protestantes
895 3054 1015 3109 rogare,
1047 3042 1079 3094 at
1108 3038 1264 3107 diligenter

112 3157 174 3199 rem
197 3142 371 3212 expendant,
392 3158 427 3199 an
450 3142 714 3215 aeqnamvidcatnr,
737 3148 769 3198 ut
790 3141 837 3213 qui
858 3147 903 3199 tot
924 3141 1006 3198 annis
1026 3146 1178 3199 accusatur
1197 3155 1262 3210 pro·

115 3246 186 3303 ditae
208 3246 372 3304 christianae
393 3247 556 3319 religionis,
587 3245 663 3304 idem
693 3247 798 3317 spretis
819 3247 993 3318 reliquorum
1015 3245 1132 3317 judiciis
1158 3242 1264 3301 debeat

113 3364 190 3406 nanc
211 3365 275 3407 esse
303 3350 381 3406 solus
404 3349 504 3420 judex.
546 3349 688 3421 Imprimis
709 3365 776 3406 vero
799 3349 970 3422 expandant,
991 3366 1027 3407 an
1049 3349 1197 3407 eluistiani
1217 3366 1263 3408 rc·

111 3469 162 3525 ges
184 3459 214 3509 et
237 3452 381 3525 principes
402 3452 528 3510 debeant
548 3458 650 3526 postca
675 3469 755 3510 arma
783 3469 897 3510 sumere
926 3469 978 3522 pro
1006 3455 1175 3510 executione
1203 3460 1262 3511 taur

113 3556 256 3627 tyrannici
277 3556 390 3615 concilii
412 3563 560 3629 totumque
582 3563 725 3614 terrarum
743 3556 840 3614 orbam
861 3556 936 3615 bello
956 3558 1127 3630 parturbare
1149 3563 1179 3616 ot
1200 3572 1263 3615 vas·

112 3664 190 3730 tare;
223 3661 351 3731 cogitent
379 3661 482 3733 potius,
505 3661 611 3731 Papam
642 3677 759 3718 monere
781 3660 817 3718 de
845 3662 901 3718 alia
921 3662 1035 3719 concilii
1057 3660 1148 3720 forma
1169 3668 1196 3719 ct
1219 3677 1263 3719 ra-

112 3765 190 3820 tione
211 3763 348 3833 ineunda,
371 3782 434 3838 qnae
452 3766 533 3836 justa
554 3765 592 3823 sit
613 3771 642 3821 et
663 3763 838 3834 tolerabilis3
860 3765 1003 3837 principes
1014 3767 1089 3823 cuim
1101 3765 1261 3823 Geroraniae

113 3882 165 3923 non
187 3866 329 3939 defugere
345 3868 546 3939 cognitionem,
567 3869 652 3926 ruodo
670 3870 707 3926 sit
723 3869 858 3938 lroncsta3
881 3875 935 3927 otc.
951 3870 980 3926 in
994 3871 1067 3926 lianc
1080 3867 1260 3935 sententiam,

112 3988 173 4044 qnae
195 3979 336 4043 poterunt
357 3973 414 4031 dici
434 3974 567 4045 plurima.

185 4075 216 4134 Si
239 4077 314 4134 tales
335 4077 494 4150 legationes
515 4077 751 4148 gravissimorum
779 4078 924 4135 lronriuum
952 4078 1036 4134 etiam
1069 4075 1202 4131 comitum
1231 4080 1261 4132 et

114 4178 249 4237 baronum
270 4181 431 4252 mittantur,
453 4169 742 4253 perdiligentissime
757 4182 898 4253 aperiant,
920 4179 1004 4252 quale
1017 4176 1166 4235 concilium
1181 4177 1261 4251 Papa

115 4283 177 4342 relit
196 4283 360 4354 celebrare,
381 4301 435 4358 ego
455 4300 559 4358 sparo,
580 4285 655 4357 qnod
676 4285 701 4343 si
722 4300 778 4343 non
800 4299 914 4352 omues,
940 4283 1043 4341 saltam
1064 4297 1168 4353 magna
1194 4298 1261 4356 pars
