2768 4740
117 251 185 308 1⁵⁶1
658 256 720 316 287

111 425 142 482 iu
162 420 314 496 Helvetips
335 437 420 508 quarn
440 422 470 480 in
490 424 571 482 alios.
611 424 714 484 Faciat
734 425 872 484 Dominus
893 423 1070 484 voluntatem
1092 439 1187 494 suam,
1218 424 1264 481 cui

114 524 354 600 acquiescendum
376 532 430 585 est.
471 525 500 585 Si
521 528 571 601 qui
591 543 643 601 pro
664 532 747 600 parte
767 528 1025 586 illustrissimorum
1044 527 1265 601 protestantium

114 630 268 690 3333111311
289 629 362 688 illud
383 630 559 704 colloquium
579 631 659 703 ituri,
680 633 774 690 sentio
795 648 840 690 me
858 632 991 704 aspiritu
1005 631 1121 690 Domini
1135 631 1264 708 excitari,

113 743 146 796 ut
164 735 288 794 scribam
307 733 513 794 Illustrissimae
535 735 706 795 Celsitudini
723 736 833 794 Vestrae
853 742 1032 803 reverenter,
1053 753 1099 793 me
1119 751 1176 792 uon
1197 750 1264 792 eum

114 855 186 907 3333,
208 840 257 914 qui
277 837 409 898 fortassis
429 839 535 912 possim
556 842 585 898 in
607 840 803 913 disputatione
818 846 906 914 utque
920 842 950 898 in
964 840 1107 911 colloquio
1122 839 1265 911 sophista·

113 961 177 1003 rum
196 944 336 1015 impeturn
357 948 387 1002 et
407 944 527 1002 astutius
548 945 701 1013 sustinere,
723 960 776 1002 nec
796 943 866 1001 mibi
887 951 955 1016 opto
970 945 1049 1002 illam
1066 942 1190 1011 laudern,
1212 959 1266 1002 nec

116 1055 184 1122 puto
204 1047 409 1108 confidendum
430 1065 493 1107 esse
514 1049 542 1105 11
564 1049 623 1108 11113
643 1048 796 1123 colloquiis
817 1056 848 1107 et
868 1048 1080 1107 certaminibus.
1122 1047 1178 1106 Sed
1200 1065 1264 1121 spe·

116 1169 219 1225 raram,
241 1153 302 1212 alia
322 1153 435 1212 ratione
456 1170 502 1211 me
523 1169 608 1226 posse
629 1153 736 1212 Christi
757 1152 886 1212 ecclesiae
906 1152 1044 1226 prodesse
1058 1152 1076 1222 ¹,
1104 1152 1264 1226 prasertim

112 1257 190 1330 apud
211 1258 422 1315 serenissimam
443 1258 588 1330 reginam3
611 1273 645 1315 uc
663 1274 722 1316 non
743 1264 789 1317 eat
804 1256 931 1325 dubium,
956 1256 1025 1329 quin
1040 1256 1146 1314 Petrus
1159 1256 1266 1316 Martir

113 1360 203 1420 fuerit
224 1368 352 1433 vocatus,
373 1366 405 1420 ut
426 1377 489 1418 cum
509 1379 562 1420 3113
583 1362 735 1433 maJeslute
757 1366 922 1420 versaretur
941 1365 1181 1434 permoveretque
1202 1360 1265 1432 ejus

113 1467 257 1536 animum,
284 1473 318 1524 ut
345 1465 429 1524 bomo
457 1466 588 1538 eiusdem
606 1465 709 1539 patriae
730 1481 831 1537 nempe
852 1464 1048 1524 Florentiuus.
1091 1465 1187 1536 Quare
1208 1481 1265 1522 non

112 1571 307 1629 inconsultum
328 1577 415 1642 esset,
436 1578 469 1630 ut
489 1587 543 1644 ego
565 1586 680 1644 quoque
698 1587 810 1644 possem
826 1571 937 1630 versari
958 1570 1264 1642 uilissimorum,

114 1690 179 1746 quae
200 1673 319 1732 doceret
339 1691 385 1733 me
407 1675 555 1733 Dominus.

193 1779 334 1837 Dominus
347 1778 512 1852 Ooguedus,
534 1780 695 1839 Galliarum
706 1781 826 1853 legatus,
848 1780 921 1837 bene
942 1779 1086 1839 animatus
1106 1782 1135 1838 in
1148 1780 1266 1840 Vestras

112 1882 326 1942 illustrissimae
341 1883 533 1942 Celsitudines
548 1891 683 1942 statutus
698 1885 861 1944 Germanias
883 1884 1024 1957 discessit,
1047 1884 1122 1958 quod
1143 1883 1264 1944 affirmo.

115 1986 216 2047 Utitur
237 1988 361 2046 humana
377 1989 498 2062 quadarn
513 1990 635 2057 ratione,
655 2006 723 2047 suas
738 1989 854 2061 Gallius,
876 1991 899 2046 31
920 1988 1089 2060 religionem
1111 1996 1267 2048 mutaturus

112 2093 181 2160 sint,
203 2108 275 2164 opus
295 2093 443 2151 habituras
455 2092 559 2151 Vestra
569 2094 696 2153 amicitie
717 2099 804 2168 atque
825 2093 956 2164 potentia
976 2094 1075 2165 magis,
1096 2106 1181 2166 quum
1195 2091 1266 2150 Hel-

112 2198 265 2254 vetiorum.
307 2195 364 2254 Sed
392 2195 521 2267 proiecto
550 2198 574 2254 si
601 2214 658 2255 non
686 2197 865 2256 vocabuntur
894 2214 929 2254 ex
950 2196 1125 2257 Lutheranis
1152 2214 1265 2271 quoque

113 2301 160 2375 (ut
181 2300 277 2375 aJunt)
298 2301 395 2374 aliqui,
416 2301 602 2359 metuendum
624 2302 689 2368 erit,
711 2319 746 2358 13
770 2301 909 2360 nobilium
930 2300 1017 2360 factio
1037 2303 1205 2361 invalescat.

193 2404 369 2464 Commendo
389 2423 434 2464 me
448 2413 618 2464 reverenter
632 2407 745 2464 Vestrae
759 2406 961 2464 illustrissimae
977 2406 1157 2466 celsitudini.
1177 2405 1265 2465 Pater

111 2510 241 2569 coelestis
266 2517 374 2581 augeat
397 2510 440 2567 illi
470 2527 536 2568 suos
558 2509 669 2568 divinos
690 2510 855 2581 thesauros,
883 2511 1015 2581 spiritum
1041 2518 1072 2569 et
1095 2509 1181 2567 fidem
1210 2526 1263 2581 per

111 2615 261 2675 Christum
283 2615 428 2673 domiuum
448 2621 586 2673 nostrum.
689 2633 691 2637 ’

191 2721 302 2779 Datum
322 2720 459 2793 Tubingm
479 2722 514 2778 31
538 2720 662 2791 Augusti
684 2720 769 2778 1561.

272 2825 476 2884 Illustrisaimae
498 2824 684 2883 Celsitudinis
706 2823 818 2882 Vestrae
838 2821 1107 2882 observantissimus

1019 2926 1186 3000 vergamus.
1232 2940 1234 2947 ’

659 3165 723 3221 125.

430 3285 555 3374 Verger
578 3309 620 3352 au
642 3287 761 3372 herzog
783 3284 964 3368 Christoph.
995 3267 1001 3278 ’

449 3419 599 3492 Thbingen
620 3419 640 3475 4
661 3417 831 3491 September
854 3418 937 3474 1561.

184 3526 262 3592 Uber
279 3539 356 3593 seine
375 3538 517 3607 berniung
536 3538 608 3592 nach
626 3537 733 3591 Trioni.

192 3635 388 3695 illustrissime
410 3637 548 3711 Princeps
569 3642 599 3694 et
620 3636 740 3693 Domine
762 3633 884 3692 Domine
906 3632 1151 3692 clementissimel

193 3741 260 3799 Jam
281 3739 412 3812 proiecto
432 3757 489 3797 non
509 3720 671 3813 offiltabarn
692 3739 814 3811 amplius
834 3737 871 3796 de
892 3739 989 3812 legato
1018 3736 1181 3797 antichristi
1195 3736 1265 3794 Del·
1339 3818 1342 3822 ,

111 3842 241 3917 phino⁸‚
274 3851 305 3902 et
335 3843 411 3916 quod
438 3843 575 3901 voluisset
601 3858 724 3915 pergere
751 3844 781 3901 in
808 3842 984 3902 tractatione
1009 3844 1070 3915 jarn
1091 3849 1201 3913 coepta,
1234 3848 1266 3898 ut

113 3965 115 3968 <
682 3943 699 3980 *

186 4025 198 4077 l
226 4023 278 4079 Die
303 4022 457 4078 Schweiaer
483 4026 577 4076 wbren
601 4037 656 4077 von
678 4021 798 4093 Vergers
824 4022 947 4076 unkunit
974 4021 1066 4093 wenig
1093 4019 1193 4075 erbuut
1218 4036 1266 4091 ge·

114 4127 216 4175 wesen,
235 4110 275 4165 sio
294 4110 402 4166 liebten
420 4109 469 4162 ibn
482 4108 577 4172 nicbt;
597 4110 685 4164 selbst
696 4110 746 4163 der
760 4109 916 4164 ndchteruc
928 4107 1058 4176 Languet
1070 4106 1195 4163 schreibt
1206 4107 1265 4162 ihm

111 4197 163 4251 dus
182 4197 338 4260 13131113,
358 4197 427 4252 allas
446 4214 480 4249 uu
499 4195 658 4260 servimen,
677 4214 698 4250 3.
717 4214 744 4251 u.
766 4198 823 4251 127.
844 4196 902 4252 129.

184 4284 371 4340 DZscharias
397 4283 506 4339 Deliino
530 4302 580 4340 aus
599 4284 742 4356 Venedig,
772 4283 885 4340 bischof
906 4300 961 4340 rou
986 4281 1087 4338 Lauina
1111 4282 1169 4336 und
1186 4281 1265 4348 ruo,
