2768 4740
659 277 723 336 tta
1205 269 1269 325 1565

198 444 393 503 illustrissime
415 444 553 516 Princeps
574 451 604 502 et
625 443 747 501 Domine
769 441 1016 501 clementissime!

198 549 293 619 Cogor
319 552 435 608 mittere
463 565 565 621 nempe
596 564 648 620 pro
679 565 765 606 eausa
792 547 898 605 Christi
927 564 1014 605 uuum
1037 562 1072 605 ex
1096 549 1169 604 mois
1189 546 1268 606 lami·

118 653 251 720 liaribus,
273 653 317 711 cui
339 670 441 712 nomen
463 653 610 712 Ludovieo
631 653 787 723 tergono,
809 653 845 710 ad
868 652 980 724 aliquot
1002 652 1126 724 barones
1148 660 1179 709 et
1198 653 1267 710 nlios

119 760 245 829 nobiles,
267 761 315 831 qui
336 765 405 818 sunt
425 761 454 817 iu
476 760 620 816 tlarniola.
663 758 733 815 (luno
756 773 823 814 vero
844 757 935 828 possit
957 756 1143 826 contingere.
1166 762 1198 811 nt
1218 757 1268 827 ipsi

118 862 251 920 familiari
273 868 302 919 et
324 865 421 935 nepoti
442 879 507 921 meo
529 880 599 936 opus
621 863 657 918 sit
679 862 852 920 auctoritate
879 868 909 916 et
931 858 1020 917 ueluti
1043 857 1145 915 umbra
1170 858 1268 916 Vestra

38 982 41 987 ’
119 966 156 1024 ad
177 964 329 1023 evadenda
348 965 492 1037 pericula,
525 982 589 1037 qum
611 963 744 1022 reccidere
765 965 859 1021 solent
879 964 924 1020 his
946 961 1141 1036 temporibus,
1170 964 1269 1035 quibus

120 1070 216 1141 rigent
236 1071 293 1127 ista
313 1070 461 1143 religionis
481 1070 614 1138 dissidia,
641 1049 784 1143 supplico,
816 1078 846 1127 nt
868 1086 902 1126 aa
923 1069 1059 1140 dignetur
1080 1067 1148 1143 (pro
1169 1086 1223 1126 sua
1242 1072 1268 1126 iu

118 1172 313 1246 promovenda
333 1172 441 1243 pictate
463 1170 682 1244 eonsuetnrfine)
712 1172 870 1229 concedere
900 1172 992 1230 eillem
1015 1175 1114 1247 nepoti
1135 1181 1270 1246 patentes

119 1279 231 1335 litteras
257 1279 285 1333 in
314 1275 406 1334 lorma
433 1284 587 1348 consueta,
621 1274 724 1350 quibus
754 1277 862 1335 scilieet
893 1277 1092 1334 lllnslrissima
1120 1277 1268 1336 celsitudo

118 1383 222 1441 Vestra
243 1386 376 1451 testetur,
410 1383 501 1454 ipsum
523 1381 699 1440 Ludoricum
728 1397 790 1439 esse
814 1399 900 1439 unuln
923 1399 957 1439 ex
985 1383 1045 1440 suis
1072 1381 1214 1439 ministris
1242 1392 1266 1439 et

118 1487 218 1556 servir,
241 1491 273 1544 ut
294 1498 396 1542 revera
417 1492 469 1541 est.
502 1482 573 1543 Cum
595 1484 671 1545 euim
690 1485 743 1541 sim
764 1500 818 1555 ego
840 1485 971 1543 minister
992 1495 1021 1543 et
1042 1503 1144 1544 servus
1159 1487 1268 1555 Vester,

119 1588 162 1647 illi
183 1605 296 1663 quoque
318 1587 353 1645 ad
375 1588 600 1646 Illustrissimam
622 1585 828 1645 Celsitudinern
843 1587 974 1646 Vestram
997 1590 1072 1646 baud
1095 1589 1184 1648 dubie
1206 1607 1268 1662 per·

121 1697 230 1765 tinent,
253 1695 301 1766 qui
326 1692 395 1750 milri
427 1693 601 1764 inserviunt,
631 1692 699 1764 quia
719 1692 836 1750 aluntur
858 1692 960 1750 Vestro
981 1710 1054 1765 pune
1088 1703 1117 1750 et
1140 1698 1265 1752 serviunt

119 1800 160 1857 illi
181 1815 238 1856 una
259 1814 379 1855 mecum.
422 1793 596 1854 Commendo
617 1809 663 1850 me
684 1801 863 1851 reverenter.

231 1901 366 1974 Ejusdem
389 1899 594 1958 illustrissimae
615 1897 802 1956 Celsitudinis
824 1900 936 1957 vestrm
957 1901 1156 1958 deditissimus

1025 2004 1192 2077 Vergerius.

660 2267 726 2321 254.

343 2396 476 2481 Ludwig
504 2394 625 2480 Verger
649 2417 690 2459 an
714 2395 833 2479 herzog
855 2394 1043 2479 Christoph.

583 2528 689 2585 Datum
714 2530 796 2584 1565.

189 2649 241 2701 lter
260 2646 368 2700 uranie
390 2647 472 2700 Peter
490 2645 559 2702 Pnnl
575 2646 679 2713 Verger
700 2648 809 2701 schickl.
833 2647 877 2700 eiu
898 2647 1096 2702 franullsisehes
1119 2649 1192 2702 buch
1212 2652 1261 2702 nud

117 2744 267 2795 tieletum
287 2742 373 2810 gnben
396 2740 474 2795 wein.

116 2834 122 2847 “
201 2839 395 2898 illustrissime
418 2839 555 2912 Princeps
578 2846 606 2895 ct
628 2839 750 2896 Domine
772 2841 893 2898 Domine
915 2843 1164 2901 Clenrenlissinre!

195 2947 264 3003 Gom
286 2946 400 3003 litteras
421 2945 476 3002 mei
497 2945 592 3016 patrui
614 2944 699 3002 bodie
720 2947 889 3018 acceperim,
911 2947 1014 3019 quibus
1036 2947 1168 3020 (paredam
1189 2949 1259 3020 apud

117 3049 342 3106 illustrissimam
373 3045 578 3104 t'eleitudinem
604 3046 734 3104 Vestrum
757 3048 935 3119 expedienda
957 3051 1025 3107 milri
1046 3052 1183 3123 injungit,
1206 3054 1264 3123 ejus

117 3154 252 3227 petitioni
273 3153 376 3209 deesse
398 3170 453 3210 non
475 3152 563 3224 potui.
594 3159 688 3223 literne
711 3154 769 3226 illa,
791 3174 855 3228 qua,-
877 3157 1047 3214 (lelsitnrlini
1067 3158 1180 3214 Vestrae
1203 3158 1264 3215 llln-

118 3259 265 3316 strlssimae
286 3256 440 3329 significari
461 3276 514 3331 per
536 3275 579 3316 rue
602 3260 670 3326 rull,
693 3259 753 3317 brec
775 3268 853 3317 sunt:

197 3361 257 3419 Sibi
286 3364 401 3420 missurn
431 3380 492 3419 esse
522 3362 683 3434 colligatum
712 3363 840 3422 libellum
870 3364 973 3436 gallice
999 3366 1153 3437 scriptum,
1186 3382 1264 3436 quem

119 3483 183 3525 cum
203 3466 327 3538 ignoret,
350 3482 416 3523 num
438 3465 584 3523 Oelsitudo
603 3465 705 3524 Vestra
726 3475 812 3524 arrtea
834 3467 949 3535 viderit,
971 3468 1146 3526 eelsitudini
1160 3469 1265 3526 l'estrn·

116 3571 209 3641 ollert,
232 3579 272 3641 ut,
293 3571 317 3628 si
338 3569 461 3628 antebac
484 3589 538 3628 non
562 3570 674 3642 viderit,
695 3571 847 3645 perlegere
869 3575 968 3644 possit.

195 3675 395 3749 Bulliugerum
415 3675 452 3733 ad
473 3692 504 3732 se
516 3676 673 3747 scripsisse,
694 3677 869 3735 cardinalem
884 3677 1158 3737 constantiensem¹
1181 3680 1265 3737 Roma

116 3783 229 3840 domum
251 3780 381 3839 rediisse.
424 3779 595 3852 Episcopum
616 3778 811 3839 Oum'ensem¹
832 3798 895 3840 esse
917 3791 1072 3842 mortuum.

196 3885 233 3943 Se
255 3888 283 3943 in
305 3886 407 3943 eodem
429 3893 506 3944 statu
529 3904 600 3957 esse,
624 3903 726 3960 nempe
748 3895 902 3957 egrotum,
924 3890 1141 3961 supplicemque
1164 3909 1181 3949 a
1206 3893 1264 3949 Cel-

687 4028 701 4059 its

192 4142 201 4192 l
223 4142 302 4195 Marx
324 4139 427 4194 station
446 4156 499 4193 ron
520 4138 705 4201 Hobeuembs,
724 4157 744 4193 s.
764 4139 804 4192 br.
825 4157 852 4193 n.
874 4141 931 4194 leti.

186 4225 342 4280 'Z'Phomae
363 4243 416 4278 rou
432 4225 531 4279 Planta
552 4242 608 4278 war
628 4241 688 4278 rom
708 4226 739 4279 21
756 4226 908 4279 December
930 4229 996 4280 tote
1016 4227 1058 4279 bis
1079 4232 1114 4280 ‘itt
1132 4229 1189 4281 idai
1205 4232 1264 4283 loce

111 4314 227 4371 bisobof
246 4315 277 4369 iu
297 4313 380 4370 Chur.
