2768 4740
664 529 711 582 (52.

410 671 538 758 Verger
560 695 601 736 au
625 673 744 758 herzog
768 672 954 757 Christoph.

497 809 647 881 Tdbingen
672 813 685 865 1
708 809 768 866 lllai
793 810 877 867 1558.

172 923 293 1015 ’νθτςετ
316 943 496 999 inberschielrt
528 946 590 1002 eine
618 947 795 1002 denksehritt
821 947 889 1001 iiber
915 947 966 1000 des
989 947 1094 1012 eoncil;
1123 947 1262 1003 berichtet

112 1041 181 1095 iiber
200 1040 246 1095 cin
266 1039 339 1094 bueh
358 1057 413 1095 von
432 1041 587 1112 Staphylus
617 1043 674 1098 und
700 1042 824 1113 hilndigt
850 1042 927 1098 seius
951 1041 1058 1098 ebreise
1081 1045 1154 1101 uach
1175 1043 1263 1098 Wild-

110 1137 165 1192 bad
184 1155 232 1192 an.

191 1262 386 1320 lllustrissimc
407 1262 546 1334 Princeps
567 1269 598 1320 ct
618 1263 740 1320 Domine
762 1263 883 1322 Domine
906 1263 1147 1322 clementissine!

190 1367 278 1424 Mitto
299 1369 446 1441 scriptum,
467 1367 544 1440 quod
565 1383 658 1439 nuper
675 1384 693 1425 n
708 1367 886 1426 celsitudine
899 1368 1004 1427 Vestra
1024 1368 1175 1426 discedens
1195 1383 1260 1441 pro·

114 1471 178 1528 misi
199 1488 245 1529 me
266 1473 428 1530 missurum.
469 1471 593 1530 Prodest
614 1471 774 1545 aritieipare
796 1479 825 1530 et
841 1472 952 1530 versari
972 1474 1001 1531 in
1022 1474 1067 1531 his
1088 1471 1262 1545 gravissimis

115 1579 310 1649 argumentis,
341 1585 373 1634 ut
394 1594 456 1635 cum
477 1579 599 1657 primum
621 1578 740 1635 indictio
761 1577 897 1635 coneilii¹
924 1577 1027 1648 inerit,
1058 1577 1192 1647 evulgata
1212 1576 1261 1634 lm·

112 1683 233 1741 beamus
253 1685 282 1740 in
302 1690 437 1757 promptu
458 1683 587 1751 consilia,
609 1683 645 1740 ud
667 1700 730 1756 qrrae
750 1699 941 1740 recurramus.

194 1790 267 1861 Legi
289 1787 435 1862 Staphili'
455 1788 584 1847 libellum
606 1788 873 1859 venenatissimum,
902 1788 926 1846 si
948 1788 1037 1844 alium
1058 1801 1183 1859 unquam
1205 1784 1262 1856 legi

111 1894 172 1970 (est
193 1893 322 1966 ejusdem
342 1890 403 1951 lere
424 1896 596 1966 argumenti,
617 1895 699 1965 cujus
719 1899 786 1950 snut
807 1892 893 1950 etiam
914 1892 1022 1950 tabulae
1038 1889 1262 1964 hereticorum),

111 1999 169 2070 legi
190 2006 336 2071 praeterea
355 1997 571 2071 responsionem
593 1996 719 2070 Philippi
739 1995 986 2066 Melanclrthonis,
1018 2010 1082 2068 quae
1110 1992 1179 2050 mihi
1202 1995 1263 2050 visa

112 2109 157 2159 est
174 2103 278 2175 jejuna
299 2108 330 2158 et
350 2100 449 2169 exilis3
478 2101 615 2172 majorem
643 2099 804 2157 machinam
825 2099 953 2169 oportuit
973 2097 1133 2156 adhibitum
1154 2096 1191 2154 sd
1213 2096 1262 2154 de-

110 2205 261 2278 pellendas
282 2211 312 2264 et
331 2204 556 2275 prosternendae
577 2211 636 2262 tarn
657 2205 761 2262 multas
782 2210 812 2261 et
833 2209 891 2261 tem
911 2219 1015 2274 graves
1031 2202 1154 2274 Stephili
1173 2202 1263 2259 nebu·

110 2311 185 2369 lonis
215 2309 378 2368 calumnias.
420 2308 536 2366 Utinam
557 2309 693 2378 Austris,
723 2307 819 2374 Stiria,
842 2306 992 2365 Cerinthia
1013 2312 1043 2364 ct-
1064 2304 1198 2364 Garniola
1218 2322 1263 2363 me

111 2432 170 2473 non
191 2413 375 2487 usqueadeo
396 2418 579 2485 occuparent,
602 2413 752 2486 experirer
772 2410 917 2484 prolecto,
939 2411 1006 2484 quid
1028 2417 1129 2470 contre
1149 2410 1263 2481 Staplri·

113 2519 172 2576 lnm
193 2535 316 2592 possem.

192 2623 262 2682 Post
282 2622 409 2680 triduum
437 2622 532 2681 iturus
557 2637 619 2678 sum
646 2621 682 2679 ad
704 2621 843 2679 Thermas
863 2619 970 2678 ferinas
997 2619 1034 2695 (si
1055 2619 1194 2678 Dominus
1215 2635 1263 2676 vo·

111 2728 223 2805 luerit),
245 2729 268 2786 si
289 2728 358 2799 quid
378 2726 454 2784 forte
475 2725 629 2796 acciderit,
661 2726 690 2782 in
718 2740 773 2798 quo
801 2740 865 2781 men
886 2740 975 2798 opera
995 2725 1059 2780 usui
1080 2738 1143 2780 esse
1163 2723 1263 2793 possit,

112 2832 174 2890 illie
194 2831 331 2889 inveniar.
364 2829 505 2902 Imprimis
526 2828 671 2900 supplico,
699 2833 731 2884 ut
750 2825 820 2884 mihi
840 2825 1025 2899 significetur,
1047 2827 1072 2884 si
1092 2844 1128 2886 ex
1148 2827 1265 2884 Prussia

116 2935 222 3009 aliquis
249 2934 366 2993 nuntius
394 2933 553 2991 advenerit.
595 2931 770 2990 Commendo
800 2948 846 2989 me
876 2938 1046 2991 reverenter
1066 2932 1176 2990 Vestrae
1196 2932 1265 2989 llln·

682 3063 697 3094 4(

146 3195 152 3206 ·
189 3169 202 3222 l
223 3167 278 3221 Das
296 3165 506 3230 Tridentinnm,
531 3165 585 3220 seit
603 3166 637 3219 28
655 3165 736 3236 April
756 3167 824 3220 1552
843 3167 970 3236 vertegt,
996 3163 1078 3220 sollte
1096 3165 1201 3221 wieder
1224 3181 1266 3220 er·

113 3256 217 3310 neuert
242 3253 368 3316 werden;
397 3251 443 3306 die
469 3251 704 3307 indihtionsbulle
730 3252 799 3307 eber
824 3250 911 3306 erliell
931 3251 995 3306 Pius
1013 3252 1053 3306 IV
1077 3253 1134 3307 eret
1156 3253 1191 3306 29
1209 3252 1266 3306 No·

115 3342 232 3397 sember
253 3343 329 3396 1560.
367 3338 418 3394 Die
438 3338 539 3393 schrift
557 3339 679 3409 Vergers
697 3339 771 3408 folgt
789 3358 816 3393 n.
834 3340 899 3394 eea.

185 3430 203 3482 2
223 3428 367 3484 Friedrich
381 3426 542 3497 Staphylus,
562 3426 626 3497 geb.
650 3428 681 3480 17
692 3429 804 3497 August
818 3426 885 3481 1512
897 3425 927 3480 in
940 3425 1112 3491 Osnabriicls,
1131 3425 1266 3480 studierte

115 3519 199 3572 unter
217 3514 419 3572 Melanehthou
439 3512 637 3584 evangelieche
655 3513 808 3584 theologie,
828 3512 923 3568 werde
942 3531 997 3568 von
1015 3514 1119 3582 herzog
1131 3511 1268 3566 Albrecht

113 3603 186 3659 nach
205 3602 385 3673 Kdnigsberg
404 3602 519 3658 bernfen
542 3602 618 3655 1546.
655 3599 711 3654 Der
728 3598 940 3670 streitsiichtige
960 3617 1046 3653 mann
1065 3598 1131 3653 kam
1149 3596 1218 3652 hald
1237 3596 1266 3651 iu

113 3691 197 3744 fehde
216 3691 269 3744 mit
283 3690 427 3754 Osiander,
447 3705 476 3743 so
496 3688 551 3743 dall
571 3704 601 3743 er
622 3688 688 3743 1549
708 3687 886 3758 Kdnigsberg
904 3685 1019 3751 verliess,
1038 3704 1084 3740 um
1103 3684 1267 3752 euthebung

114 3795 167 3832 von
186 3777 278 3832 seiner
295 3776 378 3831 stelle
398 3776 450 3830 bat
469 3777 528 3831 und
546 3794 608 3829 zum
626 3775 840 3830 katholicismus
858 3774 993 3838 iibertrat,
1013 3774 1076 3828 dem
1089 3789 1119 3826 er
1130 3773 1160 3826 in
1173 3761 1266 3826 Oster-

116 3864 192 3919 reich
212 3862 271 3916 und
291 3864 401 3932 Bayern
422 3861 530 3932 grossen
557 3861 695 3917 vorsehub
720 3860 839 3916 lsistete.
875 3852 1021 3928 ihhldrz
1040 3861 1106 3914 1564
1125 3858 1154 3911 in
1172 3856 1266 3928 lugol-

114 3950 197 4005 stadt.
236 3948 395 4003 Veraniasst
414 3949 503 4004 durch
521 3949 572 4002 das
590 3948 734 4003 Wormser
752 3947 920 4016 colloquium
948 3948 1005 4015 gab
1024 3945 1177 4015 Staphylus
1201 3943 1264 3998 eine

114 4035 331 4113 sehmdhschrilt
350 4052 442 4106 gegeu
461 4035 506 4091 die
526 4034 749 4106 Evangeliseheu
769 4034 883 4089 hernus:
903 4032 1062 4102 Theologlae
1082 4030 1196 4085 Lutheri
1214 4032 1265 4084 tri·

114 4123 244 4178 membris
263 4123 395 4191 epitome.
431 4121 636 4176 Melanchthon
654 4121 823 4176 antwortete
841 4118 907 4172 mit:
927 4115 1130 4187 Responsieues
1154 4116 1191 4170 ad
1211 4116 1265 4171 cri·

114 4211 282 4266 initiationes
300 4209 440 4281 Staphyli.
470 4210 565 4281 Gegeu
585 4209 632 4264 die
652 4208 782 4264 Defensio
800 4223 855 4262 von
874 4205 1027 4275 Staphylus
1045 4206 1105 4258 trat
1123 4203 1265 4258 Melanch-

115 4299 182 4354 thon
202 4296 285 4354 nieht
303 4297 384 4352 mehr
400 4296 457 4353 set.
493 4297 521 4352 S.
539 4296 613 4353 anch
631 4296 672 4351 br.
691 4297 733 4350 66.
752 4295 795 4350 88.
