2768 4740
114 286 182 339 1557
661 292 719 349 147

112 457 202 515 tando
223 473 312 514 onero
340 458 516 515 matrimonii
544 458 653 529 aliquid
678 458 746 515 milri
778 459 903 517 addatur
929 459 1049 530 singulis
1076 460 1158 517 aunis
1185 476 1264 518 man-

112 563 193 618 dare.
227 562 298 631 Hoc,
320 579 372 634 por
394 561 537 619 Christum
561 562 675 634 inquam
698 561 780 633 (quid
803 563 877 620 eninr
900 564 1003 635 possim
1025 564 1121 620 dicere
1143 564 1264 638 maiust)

111 681 164 722 oro
186 672 273 737 atque
295 666 444 735 obtestor,
477 681 533 721 non
555 671 613 720 tarn
634 681 687 736 pro
708 681 772 721 meo
793 665 959 734 commodo,
991 681 1074 739 quarn
1106 674 1139 723 nt
1159 668 1264 740 reliqui

110 769 151 840 pii
174 769 319 838 latentur,
340 785 404 825 unm
415 768 547 826 Vestram
562 767 767 826 liberalitatem
784 769 811 824 in
826 771 889 841 pios
903 786 936 826 no
950 770 1088 842 profugos
1108 771 1263 829 audierint.

111 874 245 931 Fuerunt
265 890 319 946 pro
339 889 385 930 rne
406 871 595 928 sustentando
616 872 749 929 ordinata
770 889 816 942 aa,
840 889 902 945 qnae
923 875 1107 931 eontinentur
1128 876 1156 930 in
1177 875 1264 933 sceda

113 977 226 1033 inclusa
247 974 292 1032 his
313 975 437 1042 litteris;
464 973 662 1030 lllnstrissinta
684 974 832 1031 ttrtsitudo
853 975 958 1031 Vestra
976 977 1095 1047 jnbeat,
1124 985 1156 1035 nt
1176 979 1264 1036 adda-

115 1089 172 1148 tur,
194 1078 336 1152 quidquid
359 1080 443 1135 velit:
473 1097 537 1136 nant
559 1095 620 1135 rum
648 1078 758 1149 ingenti
786 1080 899 1137 notione
926 1082 1084 1151 gratiarnm
1111 1081 1263 1153 aeeiqrian13

111 1199 213 1256 parurn
248 1185 316 1241 vitre
348 1200 432 1254 spero
464 1183 533 1239 milri
562 1198 722 1255 superesse.
765 1184 869 1240 Vestra
890 1184 1039 1240 celsitudo
1074 1185 1127 1243 huo
1152 1186 1264 1245 modico

112 1287 251 1356 dignetur
272 1303 316 1341 mo
339 1285 464 1342 liberare
486 1284 619 1341 molestia
640 1291 669 1340 et
690 1285 884 1342 sollieitudine
906 1286 942 1343 de
963 1289 1092 1358 parando
1113 1291 1200 1362 rictu,
1233 1299 1266 1349 ut

110 1391 219 1461 possim
241 1396 304 1446 toto
324 1391 420 1448 animo
442 1389 574 1457 laborare
595 1391 622 1445 in
646 1390 730 1445 rirma
752 1390 874 1470 Domini.

190 1492 304 1550 tlflendi
328 1500 464 1550 matronae
486 1495 606 1566 lrospitae
627 1493 718 1549 rnea¹
739 1494 851 1552 litteras
872 1495 900 1552 d.
917 1494 1078 1567 Sebastinni
1091 1497 1205 1569 Cocceji
1226 1499 1263 1556 ad

112 1616 165 1668 nte,
188 1597 293 1671 quibus
312 1599 424 1656 nomine
440 1600 640 1656 illustrissima}
656 1599 777 1656 dominae
792 1601 929 1672 principis
949 1599 991 1656 illi
1012 1600 1072 1671 agit
1093 1605 1201 1674 gratias
1212 1620 1264 1675 pro

112 1704 291 1760 munusculo.
324 1704 434 1761 laetata
457 1710 500 1760 ost
523 1709 652 1759 trratrona
666 1705 916 1774 gratissimumque
933 1703 974 1760 illi
990 1703 1041 1760 t‘nit
1060 1704 1113 1760 noc
1129 1704 1263 1762 officiunt.

113 1808 220 1864 aarum
243 1811 270 1865 in
295 1825 397 1881 magna
418 1811 579 1865 tentatione
600 1825 633 1865 ao
654 1807 840 1864 tribulatione
862 1824 896 1863 ea
918 1823 992 1862 tinne
1009 1815 1068 1868 est:
1090 1809 1168 1865 verrit
1189 1812 1263 1866 eninr

110 1913 146 1968 ad
169 1929 233 1968 eam
255 1914 397 1984 quispiam
419 1915 521 1969 missus
542 1930 559 1968 a
579 1913 717 1984 'ligurina
738 1914 875 1979 ecelesia,
908 1917 1038 1982 rogatum
1068 1918 1100 1966 nt
1127 1912 1163 1969 ad
1185 1913 1263 1970 illam

112 2013 182 2070 relit
204 2030 236 2070 se
258 2012 401 2083 eottlerro,
423 2021 558 2087 tamqnam
580 2013 616 2070 ad
639 2014 817 2070 mundiorem
839 2015 866 2069 in
890 2013 1020 2071 doctrina
1042 2015 1096 2090 (sie
1121 2017 1195 2072 enim
1221 2017 1264 2072 di·

114 2117 179 2192 xit).
223 2117 364 2175 (lonternli
388 2135 441 2189 ego
463 2120 617 2186 acerrime,
646 2120 746 2188 negari
769 2117 946 2176 mundiorem
975 2119 1061 2175 ullam
1083 2135 1146 2177 asse
1167 2127 1266 2176 nostra

112 2222 250 2291 ecclesia,
274 2222 323 2279 sed
344 2221 451 2290 fateor,
474 2231 632 2279 matronam
653 2222 794 2292 titubare3
823 2230 904 2280 tanta
924 2229 965 2279 est
988 2222 1095 2281 diaboli
1124 2226 1264 2294 potentia,

111 2328 159 2398 qui
182 2344 246 2383 oum
270 2328 368 2384 rideat
390 2344 452 2384 eam
473 2329 601 2398 potuisse
624 2327 723 2398 egredi
745 2343 780 2384 ex
802 2335 916 2398 papatui,
938 2327 1263 2400 relletnunel'igururn

111 2431 228 2500 ducere,
251 2433 331 2502 ‹qtrasi
355 2431 414 2487 illic
441 2430 480 2485 sit
509 2430 618 2485 inclusa
647 2429 731 2485 salus.
774 2429 922 2486 Celaitndo
944 2427 1048 2485 Vestra
1074 2436 1170 2500 potest
1199 2430 1265 2489 linio

112 2535 270 2590 tentationi
291 2548 472 2597 succurrere,
494 2547 596 2602 nempe
618 2533 641 2586 si
663 2531 699 2587 ad
721 2548 765 2588 me
786 2530 941 2601 scripserit.
963 2539 995 2588 ut
1010 2539 1148 2589 matronae
1162 2534 1264 2601 dicant,

115 2644 146 2694 ut
167 2639 206 2693 sit
228 2636 303 2693 bono
325 2638 436 2699 animo:
463 2636 487 2691 si
510 2635 583 2693 torte
606 2651 662 2691 non
684 2634 809 2691 libenter
825 2633 964 2705 'l'nbingan
986 2643 1108 2703 inaurat,
1131 2638 1264 2696 Vestram

114 2741 325 2798 Celsitudinem
349 2749 530 2808 duraturam,
563 2746 595 2797 ut
615 2739 790 2811 Stntgardioe
817 2740 857 2795 illi
883 2739 1066 2797 inveniantur
1087 2741 1184 2810 aenes,
1215 2743 1263 2800 utri

115 2847 211 2902 minus
232 2846 269 2902 ibi
292 2846 348 2902 erit
374 2844 547 2914 timendum,
580 2846 635 2901 imo
663 2850 693 2900 nt
724 2845 839 2900 omnino
867 2844 938 2901 uelit
965 2846 1065 2903 saltem
1095 2846 1148 2904 lino
1169 2847 1262 2904 hiemo

115 2950 294 3022 Stutgardiae
315 2966 345 3004 se
367 2951 525 3006 carminare.
557 2949 771 3006 Succurendmn
793 2955 838 3005 est
858 2950 992 3006 membris
1014 2948 1120 3008 tttnisti
1140 2948 1263 3021 afflictis,

114 3052 345 3126 compatiendum
362 3052 453 3122 sexui,
474 3053 634 3125 praesertim
650 3054 677 3109 in
697 3053 749 3110 lrac
764 3051 845 3122 lrrgn3
867 3056 890 3110 si
904 3053 1265 3113 itnl'estraillustrissima

683 3177 697 3206 ἢ

188 3269 198 3318 l
221 3267 342 3321 isabella
361 3268 428 3323 odor
447 3268 772 3337 GatharinaManriquez
790 3288 839 3324 ano
859 3270 1009 3342 Breaegnn,
1030 3271 1091 3326 eine
1111 3272 1262 3327 vornehme

112 3354 279 3425 Spanierin,
305 3354 454 3412 aohweater
472 3357 550 3423 (oder
568 3357 776 3427 aehwdgerinl)
806 3375 857 3412 ron
878 3358 982 3413 Alonoo
1001 3359 1179 3429 Mauriquoz,
1208 3377 1264 3414 erz-

113 3441 225 3497 bisohof
240 3458 295 3496 von
307 3442 414 3496 Serilla
434 3443 489 3497 und
510 3443 789 3514 cardinalinqniaitor
808 3462 861 3500 von
880 3446 1017 3516 Spaniam
1037 3447 1066 3499 in
1079 3447 1187 3517 Noapel
1207 3465 1266 3503 war

112 3530 151 3583 aie
171 3529 225 3583 mit
243 3529 333 3583 ihrem
352 3530 521 3584 landsmann
541 3531 646 3586 Vahlen
670 3533 728 3586 nnd
747 3533 851 3588 seinem
870 3532 960 3588 lrreiae
978 3533 1112 3602 (Vittorin
1132 3533 1264 3596 Colonna,

114 3614 190 3668 Julia
210 3615 375 3686 Gonzagna)
395 3616 521 3672 bekannt
540 3618 597 3672 und
617 3618 741 3674 daduroh
768 3619 813 3672 mr
840 3619 885 3673 die
910 3621 1091 3675 reformation
1110 3636 1265 3690 gewonnen

114 3702 242 3767 merdam
263 3703 323 3757 ihre
344 3704 453 3758 familie
472 3705 549 3760 blieb
568 3706 736 3771 katholiaeh,
755 3707 795 3762 sio
812 3707 902 3762 selbot
919 3710 1023 3762 moeste
1041 3707 1071 3760 in
1085 3707 1265 3763 dieSehweiz

115 3787 247 3853 fliiohten,
269 3807 312 3843 wo
331 3791 371 3844 aie
385 3791 437 3846 mit
451 3792 572 3848 Ocehino
586 3794 642 3848 und
656 3795 740 3849 Peter
751 3795 860 3863 Martyr
873 3794 1093 3849 autemmontral.
1113 3794 1181 3848 Eine
1199 3793 1266 3847 zeit-

116 3874 184 3944 lang
209 3877 313 3932 daehte
338 3879 378 3932 oie
402 3881 509 3943 daran,
536 3881 594 3935 aielr
619 3880 647 3934 in
667 3882 811 3951 stuttgart
836 3882 905 3935 oder
924 3881 1007 3935 Wien
1032 3879 1264 3941 niaderaolaaaen‚

114 3961 179 4017 aber
198 3963 239 4017 sie
257 3964 358 4021 kehrte
377 3966 449 4021 doch
468 3967 570 4022 wieder
589 3968 617 4020 in
638 3967 683 4023 die
702 3967 826 4022 Schweiz
843 3968 954 4021 auritolr.
990 3968 1098 4035 Herzog
1117 3964 1265 4034 Christoph

116 4050 357 4118 correspondierte
376 4053 428 4107 mit
448 4053 623 4109 Maximillam
642 4055 783 4119 liberate,
813 4073 833 4107 o.
853 4054 954 4108 [lebret
972 4054 1023 4117 IX,
1051 4053 1100 4107 118
1119 4052 1147 4105 ff.
1184 4052 1265 4107 Corio

117 4135 246 4190 nidmete
271 4137 316 4190 ihr
340 4137 386 4191 die
415 4143 488 4194 erate
508 4141 638 4211 Ausgobe
663 4142 712 4196 der
737 4141 825 4196 ariete
852 4157 907 4195 von
932 4140 1065 4209 Olympia
1082 4139 1200 4194 Morata.
1236 4139 1264 4193 S.

117 4222 224 4287 (iarden,
246 4224 299 4279 Me.
314 4226 383 4289 (irie,
404 4227 505 4296 Meyer,
526 4229 571 4284 die
590 4218 788 4299 evangeliaohe
807 4228 952 4298 gemeinde
965 4227 994 4278 in
1009 4225 1135 4279 Lokarno
1155 4226 1189 4289 ΙΙ,
1205 4228 1263 4280 152.

118 4310 178 4381 Vgl.
198 4313 241 4366 br.
256 4331 284 4365 n.
305 4313 373 4366 aaa.
394 4315 436 4367 nl.

1001 4409 1058 4464 10*
