2768 4740
119 279 187 334 issi
659 284 722 347 295

117 460 256 526 quantum
276 460 405 526 possunt,
427 459 487 513 tum
508 455 585 529 opud
605 456 734 527 reginam
755 455 904 525 rnatrem¹‚
927 461 986 514 tum
1004 453 1081 526 apud
1096 471 1193 527 regem
1208 454 1267 512 Na·

116 572 218 627 varra,
241 563 301 615 tum
321 560 408 616 etiam
429 560 506 632 apud
519 557 696 619 ,Ferrarium
716 560 866 630 ducissam,
889 576 925 618 ne
945 559 1084 629 advocor,
1107 558 1267 631 prasertim

118 678 188 720 uero
210 662 316 720 Petrus
347 662 475 720 Martir³
501 671 531 723 et
557 663 644 722 Beza.
686 663 764 733 Ηοο,
792 663 923 735 inquam,
952 663 1089 735 suspicor.
1131 661 1266 736 Alioquin

117 782 174 823 nou
196 773 240 824 est
260 764 394 836 dubium,
417 766 484 839 quin
507 773 566 824 turn
588 766 724 826 mandatu
747 765 848 825 horum
870 767 972 835 trium,
994 772 1054 823 tum
1074 766 1195 825 aliorum
1217 784 1265 826 vo·

116 886 208 940 earer,
231 887 284 928 nee
304 877 383 942 puto,
405 886 450 928 me
472 886 571 929 errare
592 871 621 929 in
642 871 696 931 hau
717 886 781 929 mea
801 871 972 943 suspicione.
1013 869 1149 943 Cognoui,
1171 871 1265 942 eujus·
1295 848 1300 861 ⁰

116 975 193 1032 modi
214 976 272 1032 sint
292 975 369 1042 odia,
400 975 502 1047 quibus
530 975 654 1058 ilugrant
683 981 713 1034 et
744 974 881 1033 adversus
910 980 1035 1032 nostrum
1057 971 1264 1053 confessionem

116 1083 254 1151 pugnant.
296 1078 353 1136 Sed
376 1078 489 1136 Domini
518 1079 650 1137 voluntas
679 1080 748 1148 tint,
779 1078 895 1137 interim
922 1077 1052 1153 (hieraul
1076 1077 1265 1153 dintenfleck)

117 1190 218 1254 pareat
238 1183 287 1256 odi
307 1190 397 1254 p-cat
566 1247 570 1253 ‚

195 1286 312 1346 Absolri
334 1288 464 1361 quiedam
487 1288 524 1346 de
544 1287 703 1359 coneilio‘‚
732 1286 807 1346 dubo
829 1303 905 1345 nnnc
924 1285 1131 1355 describenda,
1159 1286 1264 1346 deiude

117 1392 229 1450 Vestras
250 1391 454 1450 Illustrissimae
472 1391 658 1451 Oelsitudinis
676 1392 787 1463 judicio
808 1391 965 1464 subjiciam,
986 1406 1070 1462 spero
1091 1390 1189 1450 futura
1208 1408 1264 1449 non

114 1495 231 1553 inutilia
252 1511 342 1568 reguo
362 1496 524 1568 prraesertim
546 1494 713 1554 Galliarum.

201 1599 324 1671 Spiritus
353 1606 471 1659 sauctus
501 1599 622 1658 adduxit
645 1599 830 1658 celsitudinis
854 1599 964 1657 Vestra
990 1599 1124 1657 litteras*
1144 1585 1265 1659 maxime

118 1705 148 1760 in
173 1710 313 1776 tompore.
356 1704 426 1763 Cum
448 1706 522 1763 enirn
550 1705 668 1762 laverim
696 1704 732 1762 ud
761 1705 945 1776 septuaginta
970 1703 1070 1775 horas,
1098 1702 1194 1762 nullus
1220 1711 1266 1762 est

117 1807 166 1865 his
186 1808 329 1879 medicus,
355 1807 458 1884 (abivit
478 1809 552 1866 euim
574 1823 696 1882 peregre
717 1809 756 1879 is,
782 1808 831 1880 qui
851 1808 944 1881 erut),
972 1822 1058 1880 quern
1077 1808 1264 1878 consulerem,

117 1920 236 1970 essetne
257 1913 326 1970 milri
347 1914 487 1985 prolixius
507 1913 668 1970 lavandum.
700 1912 796 1983 Quare
811 1928 873 1968 cum
891 1911 1040 1969 crederem
1060 1912 1130 1969 satis
1150 1911 1264 1981 lavisse,

118 2017 327 2074 constitueram
348 2034 412 2075 cras
432 2033 515 2095 mune
537 2015 695 2086 discedere,
717 2014 768 2072 sed
783 2015 851 2073 risis
864 2014 1066 2074 lllustrissimae
1081 2014 1266 2073 Celeitudinis

115 2119 227 2179 Vestrae
248 2122 353 2180 litteris
374 2123 482 2180 mutari
506 2120 678 2180 sententiam
708 2138 772 2178 curn
794 2120 848 2179 Dei
869 2121 984 2179 nomine
1006 2121 1121 2179 et'rolo
1141 2134 1265 2194 pergere

115 2225 241 2283 larundo
262 2227 383 2299 emplius
410 2227 445 2301 (si
467 2227 547 2283 Deus
572 2225 720 2298 voluerit).
762 2225 879 2283 Interea
904 2226 997 2283 minus
1025 2223 1145 2296 molesto
1169 2225 1264 2283 animo

114 2328 179 2388 tero
200 2331 261 2390 lraec
281 2330 393 2400 balnea,
415 2331 482 2401 quia
505 2330 551 2386 vel
572 2329 649 2387 dicto
664 2330 714 2391 uel
735 2329 809 2401 lego,
830 2329 1027 2403 autaliquem
1047 2329 1192 2401 legentem
1213 2343 1264 2386 au-

114 2433 174 2493 dio.
216 2434 367 2493 Lsudetur
392 2434 482 2492 Pater
507 2434 642 2493 eoelestis.
684 2432 900 2492 Confessionem
926 2433 1114 2492 ecelesiarum
1140 2432 1264 2492 Gallica·

113 2537 203 2597 rum‘
223 2538 289 2597 dedi
311 2537 539 2596 describendam.
576 2537 634 2596 Oro
656 2543 795 2595 aetornum
817 2537 935 2596 Patrem
956 2536 1064 2594 domini
1083 2537 1174 2595 nost-ri
1194 2536 1264 2595 Jesu

117 2643 235 2714 Christi,
257 2649 289 2701 ut
304 2641 475 2701 Celsitudini
493 2642 614 2712 Vestree,
635 2641 680 2700 cui
702 2659 748 2700 me
770 2648 941 2700 reverenter
961 2639 1137 2711 commendo,
1157 2646 1264 2712 augeat

113 2765 183 2807 suos
210 2746 322 2805 divinos
348 2745 518 2817 thesauros,
548 2745 682 2818 spiritum
710 2751 739 2802 et
765 2743 852 2803 fidem
877 2760 931 2818 per
951 2743 1096 2803 Christum
1110 2743 1265 2802 dominum

112 2858 254 2911 nostrum.

193 2955 352 3029 Geppingae
373 2959 390 3013 6
412 2952 546 3014 Octobris
570 2957 653 3012 1561.

418 3057 624 3117 lllustrissimse
646 3057 832 3118 celsitudinis
853 3058 963 3117 Vestrae

873 3163 997 3220 servitor
1019 3160 1185 3235 Vergerins.

138 3322 144 3332 '
183 3320 289 3376 Hinten
309 3337 362 3375 rou
382 3319 429 3374 des
449 3319 564 3388 herzogs
583 3319 672 3373 hund:

185 3408 248 3463 Hub
267 3409 283 3463 3
301 3408 447 3463 schreiben
467 3426 520 3462 ron
539 3407 594 3461 ime
613 3407 801 3476 entplaugeu‚
822 3407 902 3460 sovill
925 3406 968 3462 dis
987 3407 1036 3460 das
1058 3408 1114 3460 eret
1135 3405 1261 3476 belangl,

110 3514 204 3551 museus
222 3513 287 3550 men
307 3498 436 3557 nutritori,
455 3513 525 3550 waes
543 3511 606 3548 euss
624 3493 809 3550 Frauokreielr
829 3492 991 3565 geaohribeu
1011 3491 1124 3555 wirdei;
1143 3490 1262 3545 welches

111 3583 158 3638 iolr
176 3582 250 3636 miolr
270 3581 385 3646 vereihe,
407 3581 477 3636 noch
496 3580 645 3635 innerhalb
665 3582 697 3635 10
716 3583 812 3650 legen.

681 3696 696 3728 ᾖ

185 3793 196 3844 1
219 3790 375 3845 Katharinu
397 3808 421 3843 v.
440 3789 551 3844 Medici.

182 3877 336 3933 dam&

182 3971 199 4022 3
218 3966 245 4021 S.
264 3985 290 4020 n.
312 3968 361 4022 123
380 3966 437 4020 und
458 3968 516 4022 124.

182 4058 198 4108 4
218 4056 244 4109 S.
265 4073 292 4108 n.
314 4053 372 4109 128.

182 4146 197 4195 5
217 4141 244 4195 S.
264 4142 313 4197 des
331 4142 448 4212 heruogs
466 4142 643 4214 bemerkung
661 4161 693 4198 zu
713 4163 739 4197 n.
761 4145 818 4200 128.

180 4231 197 4281 6
216 4228 244 4282 S.
264 4247 291 4282 u.
312 4230 370 4284 127.
