2768 4740
117 278 186 333 1558
663 284 721 344 157

112 455 164 513 nir
185 455 288 513 wellen
311 453 383 512 eurh
411 452 560 524 gleiclrnol
590 453 667 511 nicht
695 451 860 523 verhalten,
889 453 946 511 dall
974 454 1025 510 das
1054 459 1162 526 paquet
1183 457 1271 512 etwas

112 558 180 616 ubel
203 559 346 617 vernalrrt
367 570 509 627 genesen.
552 557 657 612 Actum
679 562 825 626 utsupra.

669 1037 714 1091 57.

423 1165 547 1252 Verger
571 1188 613 1230 an
639 1166 757 1250 herzog
780 1164 965 1250 Chrisloph.

483 1305 632 1375 Tithingen
658 1309 670 1360 l
693 1305 804 1364 Januar
828 1306 911 1361 1558.

190 1435 301 1505 Verger
319 1435 418 1496 hister,
444 1436 506 1489 dass
525 1433 647 1489 Isabella
666 1432 829 1502 Manriqnea
847 1433 926 1487 ihren
947 1433 1105 1488 arrienthali
1123 1436 1152 1489 in
1173 1435 1267 1489 wurt-

113 1533 245 1602 temberg
263 1532 384 1586 uehmen
402 1530 498 1594 ddrfe;
525 1529 648 1597 kitudigh
672 1529 747 1583 aeine
776 1528 882 1583 abreise
907 1529 979 1583 nach
999 1529 1082 1585 Wien
1108 1549 1161 1594 nn;
1189 1532 1265 1585 litte-

114 1627 240 1682 rarische
260 1626 450 1695 neuiglreihen.

191 1722 336 1777 Gedrucirt
354 1721 400 1775 bei
421 1720 523 1775 hebrei
541 1721 590 1784 ΙΙΙ,
610 1723 660 1776 560
678 1722 706 1774 ff.

191 1817 321 1886 original
339 1816 377 1870 im
397 1816 491 1870 archiv
511 1816 591 1871 nicht
609 1817 688 1871 mehr
706 1818 890 1873 ant‘zuiinden.

196 1915 394 1973 Illustrissirne
417 1915 555 1986 Princeps
579 1916 700 1973 Domine
723 1916 843 1975 Domine
866 1915 1092 1974 Gratiosissime!

198 2020 266 2078 Dixi
288 2019 399 2077 Vestrae
427 2018 615 2091 Celsitudini,
644 2029 803 2078 matronam
828 2019 948 2088 illarn¹,
980 2037 1043 2092 quae
1073 2020 1102 2077 in
1135 2019 1269 2078 ducatum

118 2125 256 2184 Vestrum
276 2130 344 2181 autc
366 2140 471 2196 paucos
498 2141 612 2181 menses
634 2133 767 2192 venerat,
800 2125 941 2197 hospitum
969 2140 1079 2195 meatu,
1111 2123 1268 2196 proiectam

116 2229 207 2289 inisse
228 2229 265 2287 ad
287 2227 359 2287 fines
381 2229 481 2299 ltaliae,
503 2237 535 2286 nt
556 2230 772 2301 colloqueretur
792 2247 855 2286 curn
876 2229 998 2297 marite,
1025 2247 1089 2286 cum
1115 2228 1204 2288 fratre
1226 2237 1269 2287 at·
1305 2237 1309 2246 '

116 2352 174 2408 que
195 2334 271 2405 filiis,
292 2351 310 2391 a
331 2332 433 2405 quibus
455 2332 575 2403 obnixe,
605 2339 636 2388 ut
656 2332 684 2389 id
706 2331 831 2402 faceret,
861 2332 1027 2402 rogabatur.
1068 2331 1181 2389 Deinde
1203 2332 1270 2403 dixi,

117 2456 183 2498 eam
203 2438 333 2496 emrrihns
354 2437 461 2494 auditis
482 2438 673 2508 pennensisse
693 2444 870 2521 constantem
892 2445 920 2494 et
942 2436 1124 2508 respondisse
1145 2438 1174 2493 in
1195 2454 1270 2494 sum·

116 2561 173 2610 ma,
195 2559 226 2601 se
247 2559 392 2615 nunquam
414 2541 487 2600 velle
508 2543 537 2599 in
559 2550 695 2614 poputum
711 2543 832 2614 amplius
848 2542 953 2600 redire.
986 2542 1068 2599 Nunc
1083 2542 1171 2613 alind,
1193 2543 1270 2614 qnod

116 2649 155 2708 de
176 2665 212 2706 ea
232 2649 333 2720 dicum,
356 2647 457 2706 habco.
498 2648 628 2705 Tandem
648 2648 796 2717 inanitum,
817 2646 936 2704 fratrem
958 2654 988 2705 et
1008 2645 1081 2704 tilios
1104 2647 1140 2704 ab
1161 2664 1196 2704 en
1217 2663 1265 2718 pe-

117 2753 210 2822 tiisse,
230 2760 271 2819 ut,
292 2752 314 2807 si
336 2759 418 2809 extra
439 2751 550 2808 ltaliam
571 2760 659 2825 atquc
680 2758 764 2809 extra
783 2758 919 2823 papatum
939 2750 1008 2807 relit
1029 2751 1146 2823 degere,
1167 2752 1269 2809 saltent

120 2873 158 2914 ne
179 2856 250 2914 olibi
269 2855 368 2927 degat,
399 2873 483 2928 quarn
511 2857 540 2914 in
567 2855 673 2913 ducatu
696 2856 805 2913 Vostrae
827 2854 1026 2925 Celsitudinim
1057 2862 1178 2913 ruotrem
1198 2871 1269 2913 sero

122 2958 327 3031 respondisse,
357 2975 388 3016 se
414 2959 461 3022 ita,
484 2977 547 3017 esse
574 2957 713 3018 iacturam
740 2968 769 3017 et
790 2958 845 3015 lrnc
865 2958 1042 3030 redituram,
1073 2959 1097 3015 si
1120 2958 1267 3018 Celsitudo

119 3064 227 3122 Vestra
248 3064 425 3121 consenserit
447 3064 627 3134 volueritque
650 3063 692 3119 illi
716 3062 924 3134 protectionem
938 3061 1086 3120 dumtaxat
1101 3061 1270 3137 concedere.

120 3170 191 3227 Haec
212 3170 307 3226 omnia
326 3168 395 3226 mihi
416 3185 468 3240 per
489 3169 663 3239 peculiarem
686 3169 816 3226 nuntium
838 3167 1033 3239 significarunt
1055 3167 1268 3239 petieruntque,

119 3281 152 3332 nt
173 3273 259 3332 velirn
280 3274 392 3331 l'estrae
414 3273 585 3331 celsitudini
605 3275 786 3346 supplicare,
817 3281 850 3331 ut
878 3274 1011 3346 dignetur
1039 3281 1174 3331 contenta
1195 3289 1268 3344 esse,

120 3385 153 3436 ut
172 3379 202 3435 in
224 3378 360 3436 Vestrum
382 3378 516 3435 ducatum
536 3386 622 3450 atque
643 3379 672 3436 in
688 3379 819 3436 Vestram
840 3377 1050 3451 protectionem
1072 3393 1136 3434 curn
1156 3393 1208 3435 sna
1229 3377 1270 3436 fa·

120 3482 201 3539 milia
223 3480 326 3538 redeat
348 3488 376 3538 et
398 3481 474 3539 rirat
496 3482 531 3538 dc
553 3499 613 3539 sno.
652 3482 722 3538 Cum
744 3498 813 3552 ergo
836 3481 971 3553 noverim,
994 3482 1050 3540 ista
1070 3481 1134 3541 fieri
1156 3489 1185 3542 ct
1205 3499 1272 3556 sup-

120 3585 220 3657 plicari
241 3587 354 3644 sincere
385 3593 415 3643 et
442 3582 616 3654 christiane,
648 3583 776 3655 nihilque
808 3600 871 3642 esse
900 3583 945 3642 hic
966 3583 1078 3642 Vestrae
1101 3584 1272 3645 Celsitudini

121 3689 316 3756 metuendum,
331 3687 538 3745 aCelsitudine
551 3687 655 3744 l'ostra
672 3694 842 3745 reverenter
862 3694 939 3759 peto,
960 3694 993 3746 ut
1013 3688 1149 3761 dignetur
1169 3690 1207 3747 ad
1226 3706 1271 3747 rue

120 3794 292 3862 rescribere,
314 3809 349 3850 an
371 3793 408 3850 sit
429 3798 581 3860 contenta,
609 3791 711 3849 utillo
732 3792 848 3851 domina
869 3794 972 3852 redeat
992 3795 1044 3854 snb
1065 3796 1273 3867 protectionem

121 3897 264 3969 Vestram,
286 3897 361 3969 quod
384 3902 415 3953 ut
436 3894 531 3966 faciat,
554 3895 639 3952 ctiam
660 3904 747 3969 atque
769 3897 857 3956 etiarn
877 3900 997 3972 supplex
1019 3915 1078 3957 oro.

198 4002 303 4061 Statim
324 4008 443 4070 accepto
464 3999 518 4056 hoc
534 3998 719 4056 Celsitudinis
736 3999 848 4059 Vestrfe
870 4021 1016 4075 responso,
1039 4001 1115 4074 quod
1137 4001 1172 4058 ad
1194 4001 1272 4057 illam

123 4106 227 4176 possim
248 4105 366 4162 mittere
388 4112 455 4161 arne
476 4118 569 4160 meunt
590 4102 754 4176 discessum,
778 4121 832 4176 ego
854 4124 916 4163 cunr
934 4109 994 4176 janr
1015 4105 1185 4178 paraverim,
1208 4121 1272 4177 quae

696 4226 711 4258 ἢ(

193 4324 206 4374 l
228 4320 293 4389 vgl.
312 4337 340 4373 u.
361 4319 403 4373 52.
425 4321 468 4375 55.
