2768 4740
657 268 721 330 orn
1203 260 1263 318 1⁶⁸⁸

114 442 223 503 aedlhus
243 441 392 516 eujusdam
413 441 534 513 papistoa
556 438 670 509 medici,
693 439 741 513 qui
764 443 809 496 est
830 443 968 496 mortuus
1000 437 1081 496 Solvi
1103 437 1262 510 pensionem

112 560 254 619 maguam,
275 544 482 618 quinquaginta
503 543 629 616 quinque
650 541 761 599 seilicet
782 539 906 601 florenos
927 540 956 600 in
978 559 1074 612 anuo,
1101 559 1168 616 quea
1188 556 1262 602 exse

113 649 156 708 dit
177 653 308 724 quartam
329 654 440 720 partam
466 646 628 719 pensionis,
658 660 745 717 quam
764 643 870 702 Vestra
896 644 1095 704 Illustrissima
1116 643 1260 706 celsitudo

114 753 251 827 dignatur
271 752 340 810 mihi
366 750 525 811 concedere
553 765 605 824 pro
633 749 844 806 sustentatione
874 749 980 823 (qualis
1010 747 1114 820 pensio
1142 765 1200 808 non
1226 760 1263 811 est

113 857 252 931 Tuhingae
273 862 332 915 tam
352 854 493 931 grandis).
535 854 631 927 Quare
660 869 724 912 oum
744 853 835 927 magis
856 856 999 913 senuerim
1022 861 1054 914 et
1074 868 1189 927 pauper
1207 855 1264 924 sim,

114 961 207 1022 dehso
227 976 273 1019 nra
293 977 312 1018 a
331 959 570 1037 tarrhpausione
591 957 752 1017 retrahere.
795 957 867 1016 (luni
898 974 968 1033 ergo
995 959 1061 1018 duae
1091 960 1151 1017 sint
1171 958 1266 1019 domus

115 1040 261 1138 Tubingae‚
283 1064 377 1122 altera
397 1063 532 1136 alicujus,
562 1063 610 1135 elui
632 1063 692 1135 agit
712 1078 835 1135 eoqurun
858 1064 887 1120 in
909 1063 1014 1123 Vestra
1034 1061 1162 1133 familia,
1183 1080 1264 1140 prope

115 1175 236 1242 portam,
258 1183 324 1242 quae
343 1167 508 1241 appellatur
521 1167 611 1224 Actor
624 1165 641 1234 ¹,
663 1182 716 1238 pro
738 1182 795 1238 qua
811 1166 994 1225 solverentur
1004 1168 1119 1239 viginti,
1141 1174 1173 1226 ut
1192 1177 1263 1240 puto,

117 1274 211 1334 altera
231 1291 300 1332 voro
321 1288 410 1346 prope
436 1276 547 1345 portam
570 1269 738 1329 Lusnator²
766 1271 815 1329 nbi
845 1273 1076 1331 commorabatur
1105 1273 1264 1345 liudolphus

117 1377 225 1452 Riepus
236 1377 379 1444 cellarius,
396 1392 460 1450 quae
470 1373 507 1433 ad
516 1375 649 1433 Vestrum
660 1373 871 1433 Sublimitutenr
885 1377 1021 1448 pertinet,
1036 1376 1140 1434 harum
1152 1376 1263 1436 duarum

117 1483 252 1556 dignetur
281 1482 401 1542 alteram
431 1480 500 1538 mihi
527 1479 724 1551 coneedero⁰,
757 1479 893 1553 quarudiu
919 1481 1038 1548 uixero,
1070 1499 1133 1540 suna
1164 1482 1263 1540 nonus

118 1587 211 1658 morti,
233 1591 263 1644 et
282 1602 374 1658 spero.
400 1601 444 1643 roe
466 1602 583 1643 usurum
603 1584 684 1642 brevi
705 1589 837 1658 tempore
858 1586 894 1643 ad
917 1586 1039 1659 gloriam
1060 1587 1127 1645 Dei.

197 1691 342 1750 Fortassis
362 1697 439 1749 esset
464 1689 633 1759 consultum,
654 1688 783 1749 scrihere
804 1690 839 1748 de
861 1696 924 1748 tota
944 1690 998 1749 hae
1018 1694 1145 1751 materia
1165 1693 1202 1751 ad
1221 1694 1263 1753 do

119 1799 225 1855 minum
244 1793 411 1870 praelectum
429 1794 650 1867 Tuhiogensern,
672 1797 721 1868 qui
741 1795 905 1868 provideret
925 1795 1093 1856 deeedibus.
1115 1797 1262 1872 Superiora

120 1916 195 1959 auno
215 1901 299 1958 initio
320 1899 450 1958 Jouuarii
472 1899 539 1973 (nisi
559 1897 658 1973 fallor)
681 1899 799 1972 dignata
820 1906 865 1958 est
885 1901 954 1958 mihi
975 1902 1136 1961 oonoedere
1158 1911 1262 1962 eentum

121 2003 245 2062 florenos
266 2002 295 2060 in
316 2019 391 2061 anuo
412 2019 464 2075 pro
485 2007 569 2076 parte
589 2003 749 2074 pensionis,
782 2021 847 2077 quae
873 2004 943 2062 mihi
969 2005 1139 2064 solvebatur
1165 2023 1183 2065 a
1202 2024 1263 2082 rege

119 2107 275 2180 Gallorum,
296 2124 359 2167 eum
378 2108 439 2179 jorn
459 2107 535 2166 adsit
555 2108 694 2166 tenuimus
714 2108 835 2167 alterius
855 2110 934 2180 anni,
957 2112 1097 2184 supplico,
1120 2119 1154 2172 ut
1173 2112 1263 2186 digne·

118 2219 167 2271 tur
186 2211 254 2270 mihi
276 2212 349 2270 solvi
369 2211 465 2271 faeere
486 2211 551 2270 illos
578 2210 712 2271 florenos.
754 2211 848 2272 Credo
878 2213 1000 2287 scriptos
1026 2213 1117 2275 luisse
1149 2219 1178 2275 in
1205 2234 1263 2277 ran·

119 2317 244 2375 cellaria.
286 2316 360 2374 llam
380 2315 473 2375 debeo
500 2315 558 2374 iter
585 2314 680 2377 laeare
703 2333 754 2390 pro
776 2316 887 2376 foedere
909 2321 1078 2379 renovando
1099 2329 1130 2380 et
1151 2323 1264 2394 pecunia

121 2422 189 2479 mihi
211 2421 303 2480 deest.

344 2526 474 2583 Sarritor·
496 2527 701 2585 illustrissimae
723 2528 910 2587 celsitudinis
932 2530 1046 2588 Vestra».

1023 2636 1194 2708 Vergerius.

191 2753 241 2806 Am
262 2752 349 2807 rande
368 2769 423 2806 von
442 2751 489 2804 dee
509 2751 625 2821 herzogs
645 2751 736 2805 hand:

192 2859 208 2894 a
226 2841 282 2894 Der
295 2840 417 2895 Lilawer
428 2840 576 2908 preceptor
589 2838 751 2906 vergleiche
767 2840 827 2894 sieh
840 2840 988 2908 derwegen
1003 2841 1057 2894 mit
1071 2843 1124 2897 den
1146 2843 1264 2899 kirchen·

120 2931 216 2982 rathen
236 2927 382 2982 einnenren
402 2927 458 2980 und
479 2927 529 2980 das
547 2943 575 2979 es
594 2925 687 2995 gewili
706 2943 778 2993 sege.
800 2927 860 2995 [sio]

190 3014 307 3070 hKhan
336 3015 379 3068 nit
407 3015 541 3076 sehaden,
573 3015 623 3067 dns
647 3031 677 3069 er
699 3014 758 3070 aioh
783 3014 868 3069 dahin
901 3015 1020 3085 hegebe‚
1055 3035 1098 3069 avar
1128 3036 1156 3072 ea
1185 3018 1264 3073 aeines

119 3099 189 3151 lelbs
209 3099 308 3154 halher
326 3100 384 3153 nnd
403 3100 554 3154 sicherheit
572 3100 619 3155 des
639 3117 731 3170 weges
750 3101 838 3155 thuan
857 3101 942 3156 khan.

191 3204 204 3236 e
224 3187 259 3239 Es
278 3187 330 3241 soll
349 3206 386 3242 an
406 3189 459 3241 den
479 3191 549 3256 vogt
567 3187 732 3258 gesohtiben
752 3188 879 3251 werden,
906 3190 961 3244 inre
980 3192 1048 3245 unrb
1068 3193 1117 3247 ain
1137 3193 1210 3256 huss,
1235 3195 1264 3248 da

119 3290 149 3324 er·
168 3271 210 3325 nit
228 3291 258 3327 so
277 3273 317 3327 fill
337 3273 401 3327 ninii
421 3274 477 3329 nuss
497 3274 584 3329 durffi
604 3274 703 3344 geben,
722 3275 865 3330 beholffen
885 3296 918 3331 zu
937 3277 1005 3332 sein.

190 3359 208 3411 d
226 3359 329 3414 Frantz
344 3361 430 3414 Kurtz
441 3361 492 3417 soll
506 3362 560 3417 ime
579 3364 628 3417 100
647 3361 752 3433 gulden
771 3363 843 3417 seins
865 3364 975 3418 weitter
994 3365 1176 3435 bewilligten
1196 3369 1262 3437 geldl

119 3446 219 3514 gehen,
240 3446 359 3501 wiewoll
379 3449 428 3504 das
443 3450 489 3519 jar
507 3450 579 3505 noeh
600 3450 644 3504 nit
662 3450 784 3505 furuber.

190 3533 296 3588 Hinten
315 3536 387 3589 nooh
408 3555 461 3591 von
481 3538 528 3592 des
547 3538 662 3609 herzoge
682 3539 773 3593 hand:

191 3619 324 3674 Wilhelm
344 3621 396 3675 soll
417 3623 550 3692 Vergerio
569 3624 614 3679 die
634 3627 779 3679 anninurt·
808 3627 844 3680 ad
872 3629 1031 3695 marginem
1058 3629 1198 3699 anzeigen
1218 3631 1263 3684 und

120 3708 222 3761 Franiz
242 3708 327 3762 Knrtz
346 3709 400 3763 den
420 3711 507 3765 lesten
528 3714 650 3780 puncteu
671 3713 837 3768 verriohten.

194 3936 202 3985 l
226 3935 382 4004 Haagthor.

190 4024 206 4073 2
225 4022 379 4078 Lustnauer
398 4024 475 4089 thor;
497 4026 601 4081 welche
617 4026 758 4097 wohnung
772 4027 878 4097 Verger
896 4027 1008 4092 baham,
1031 4029 1069 4083 ist
1091 4031 1173 4086 nieht
1193 4034 1265 4089 naeh-

118 4125 263 4164 auwersen.
