2768 4740
118 298 188 355 1562
666 304 724 366 341

117 475 235 534 Curiam
256 475 352 533 mittat
373 473 410 532 ad
432 489 533 532 manns
554 472 661 531 domiui
684 471 827 532 Ambrosii
849 472 938 532 Marti
964 475 1100 542 consulis,
1128 472 1177 547 qui
1198 473 1268 533 mihi

115 584 168 636 aut
188 577 234 637 hic
255 578 361 642 nudet.
383 583 433 635 aut
453 576 477 635 si
497 577 527 634 in
548 577 707 649 proximum
729 575 854 650 aliquem
875 577 969 637 locum
991 576 1268 654 (evangeliiscilicet

115 681 293 754 pradicaudi
315 681 414 757 cansa)
435 697 593 753 secessaro,
615 682 721 740 mittet.
757 680 860 740 Omnia
880 688 945 740 snut
966 680 1014 741 hic
1033 667 1136 756 pacata
1157 688 1188 742 ct
1207 699 1267 742 om·
1346 661 1348 664 ¹

115 783 195 842 nium
216 784 304 840 animi
325 785 354 841 in
375 785 460 841 istam
482 783 600 841 ioederis
621 783 898 856 redintegrationem
926 786 1045 860 intenti,
1072 788 1185 862 reliqua
1208 804 1266 846 non

116 887 253 946 ridentur
272 903 384 946 curare.
426 887 457 946 Si
483 888 553 946 mihi
581 905 656 946 nune
676 887 872 960 Stutgardiam
893 897 945 949 aut
965 891 1122 966 Tubiugam
1143 892 1267 953 redeun-

116 993 184 1051 dum
206 997 291 1062 esset,
313 994 464 1064 nescirem,
485 1009 543 1066 qua
563 993 609 1050 via
629 992 698 1052 mihi
719 1001 797 1052 esset
816 993 1009 1067 redeundum3
1031 1003 1099 1054 sunt
1120 998 1195 1056 enirn
1214 995 1265 1055 ob·

115 1103 232 1155 servata
251 1114 270 1155 a
290 1097 376 1170 Papae
397 1096 573 1154 satellitibus
593 1076 700 1156 itinera
727 1097 926 1173 fremuntque,
957 1100 1035 1173 quod
1060 1102 1203 1174 potuerim
1230 1116 1265 1158 ex

116 1216 216 1258 eorum
237 1200 381 1273 unguibus
402 1200 540 1270 evaderc;
562 1200 614 1259 sed
634 1218 698 1259 cum
719 1201 808 1261 suerit
828 1203 968 1262 redeundi
989 1211 1116 1278 tempus,
1137 1221 1193 1263 non
1215 1204 1265 1262 de·

116 1306 173 1363 erit
194 1304 261 1361 mihi
283 1305 437 1377 Dominus,
465 1305 519 1363 hoc
539 1311 618 1363 certe
639 1305 706 1363 scio.
750 1307 867 1365 Interea
890 1306 983 1378 rideo,
1006 1325 1050 1367 me
1072 1307 1118 1366 hic
1137 1324 1200 1368 assa
1221 1310 1264 1366 in·

118 1410 235 1476 clusum.
257 1409 307 1468 sed
329 1415 433 1482 potens
453 1410 593 1468 Dominus
603 1415 625 1467 ¹1.

195 1514 378 1585 Postseripta.
411 1514 495 1572 Alter
510 1516 657 1573 consulum
670 1515 708 1574 ad
720 1531 766 1574 me
782 1518 861 1574 venit
874 1517 1083 1589 nuntiavitque,
1104 1515 1263 1576 Galliarum

116 1636 216 1691 regem
238 1619 274 1677 od
295 1621 347 1677 lros
368 1619 498 1677 dominos
519 1619 634 1678 dedisse
656 1620 769 1679 litteras
789 1618 872 1693 valde
891 1620 1047 1680 clementes
1058 1628 1145 1695 atque
1159 1623 1264 1680 amoris

114 1724 224 1796 plenas,
245 1740 324 1780 suam
346 1723 527 1795 majestatem
548 1722 659 1782 scilicet
680 1740 736 1781 non
757 1722 921 1783 defuturam
939 1724 1006 1792 illis,
1027 1724 1169 1784 hortando
1188 1726 1264 1784 inte·

115 1829 169 1886 rim
191 1827 228 1884 ad
249 1829 494 1901 perseverantiam
514 1829 543 1885 in
564 1844 662 1886 amore
682 1834 770 1902 atque
790 1827 848 1887 fide
870 1844 941 1901 erga
959 1829 1053 1899 illam,
1079 1828 1156 1886 bona
1175 1828 1264 1887 verba

118 1934 147 1990 in
168 1948 287 1991 summa.
329 1931 464 1991 Ceterum
487 1932 522 1990 de
538 1931 649 1991 laedere
670 1926 1025 2005 redintegrando'nullum
1047 1932 1178 2004 verbum,
1209 1933 1263 1991 nisi

114 2037 192 2111 quod
213 2037 240 2094 d.
263 2037 419 2109 Cognatius
442 2037 553 2109 legatus
578 2036 679 2094 scribit
706 2037 743 2094 ad
771 2036 888 2094 eosdem
915 2035 1059 2107 dominos,
1088 2051 1119 2094 se
1147 2037 1264 2096 circiter

113 2141 254 2200 Johaunis
274 2139 378 2200 festum
407 2140 462 2199 huc
483 2147 651 2213 venturum,
680 2141 731 2200 sed
757 2141 787 2199 hi
808 2141 915 2199 domini
935 2140 1263 2213 aliud‘exspectasseut,

113 2262 170 2304 non
192 2244 281 2304 verba
291 2245 307 2302 ¹.

193 2350 265 2408 Cum
287 2349 471 2408 metuendum
498 2350 551 2421 sit,
580 2366 616 2406 ne
637 2350 717 2421 Papa
738 2349 821 2420 velit,
851 2355 971 2422 peracto
991 2366 1044 2407 sno
1064 2347 1262 2419 conciliabulo,

112 2469 174 2511 rem
195 2455 281 2512 armis
295 2461 424 2525 tentare,
446 2455 688 2512 consultissimum
709 2454 777 2511 mihi
799 2454 956 2521 rideretur,
981 2458 1014 2510 nt
1034 2453 1125 2526 primo
1146 2469 1262 2526 quoque

111 2565 245 2630 tempore
265 2556 360 2617 loedus
379 2564 578 2628 renovaretur,
598 2557 628 2615 in
650 2574 707 2629 quo
728 2557 816 2615 etiam
833 2558 934 2615 Vestra
954 2556 1152 2614 Illustrissima
1172 2554 1262 2614 (lelsi-

112 2663 185 2722 tndo
214 2680 276 2722 cum
305 2663 370 2721 aliis
397 2662 574 2737 principibus
602 2662 897 2735 comprehenderetur
927 2661 1041 2737 (saltem
1068 2676 1121 2734 par
1145 2658 1262 2733 aliquod

112 2768 239 2843 tempus)
262 2784 323 2824 curn
345 2783 482 2840 expressa
504 2767 666 2839 mentione,
692 2765 768 2838 quod
788 2771 965 2839 potestatem
984 2763 1125 2822 haberent
1145 2765 1187 2821 uti
1208 2763 1262 2821 hoc

113 2874 240 2930 transitu
266 2890 320 2944 per
340 2871 429 2944 Alpes
450 2872 479 2929 in
500 2871 622 2942 Italiam,
651 2872 764 2943 quoties
791 2871 951 2941 placuerit,
983 2885 1046 2926 cum
1077 2868 1261 2941 expressione

112 2978 215 3046 etiam,
245 2975 322 3050 quod
342 2977 448 3034 domiui
470 2975 567 3035 Rhoeti
588 2982 743 3035 teneantur
764 2974 833 3032 darc
854 2972 966 3047 aliquot
992 2973 1108 3030 milites.
1148 2971 1212 3029 Hoc
1237 2972 1260 3029 si

112 3081 212 3153 fieret,
241 3082 438 3140 illustrissime
458 3081 605 3153 Princeps,
628 3080 710 3153 Papa
730 3078 807 3137 haud
828 3078 913 3137 duhie
940 3074 1159 3151 perterrefieret
1185 3075 1263 3147 cogi·

112 3191 248 3259 taretquo
270 3186 365 3260 potius
386 3185 422 3245 de
435 3186 527 3244 Roma
548 3184 750 3254 custodienda,
768 3182 901 3257 quamde
915 3179 1071 3241 Germania
1090 3177 1262 3239 invadenda.

112 3290 258 3362 Dignatur
269 3289 416 3348 Celsitudo
427 3289 530 3348 Vestra
544 3289 700 3363 diligenter
715 3287 751 3345 de
767 3287 822 3345 hoc
838 3284 974 3358 cogitare,
996 3289 1041 3342 cst
1056 3282 1131 3342 enim
1145 3281 1262 3342 maximi

112 3396 264 3466 momenti,
285 3395 341 3453 imo
363 3410 461 3453 omnes
482 3393 592 3452 cordati
613 3393 666 3451 viri
687 3391 845 3450 consultius
868 3390 1012 3464 judicant,
1034 3386 1073 3464 (si
1094 3386 1163 3461 quid
1183 3387 1262 3459 Papa

111 3498 276 3574 uroliretur)
297 3497 379 3556 illum
400 3492 556 3568 invadere,
587 3503 742 3570 antequam
766 3510 832 3553 suos
858 3492 1002 3552 exercitus
1023 3491 1184 3551 Germania
1210 3491 1261 3550 ad·

111 3608 259 3671 moveret,
291 3610 322 3662 et
346 3605 387 3660 sic
414 3601 491 3661 bella
515 3617 618 3674 gerere
640 3608 741 3660 contra
761 3616 828 3659 eum
847 3599 947 3672 procul
967 3614 985 3657 a
1004 3595 1129 3671 propriis
1148 3594 1261 3668 finibus,

111 3709 167 3767 hoc
188 3711 245 3780 est,
274 3707 422 3779 initalia,
451 3707 502 3765 sed
524 3705 655 3765 etiamsi
677 3705 730 3763 hoc
750 3719 854 3764 revera
873 3718 930 3762 nou
951 3700 1020 3776 fiat,
1050 3700 1198 3795 proderit,
1228 3705 1261 3758 ut

112 3814 194 3886 Papa
213 3817 324 3872 metuat
343 3810 481 3870 intutum.

192 3918 299 3991 Spero,
331 3917 465 3976 Vestram
496 3914 722 3987 illustrissimam
750 3911 961 3973 Celsitudinem
984 3907 1152 3978 rescivisse,
1183 3905 1259 3980 quod

112 4021 173 4080 dux
188 4019 341 4080 Sabaudiae
364 4017 511 4090 acceperit
534 4022 717 4090 susceptores
737 4023 789 4074 aut
807 4020 969 4088 compatres
990 4017 1058 4071 nato
1077 4011 1120 4069 illi
1140 4011 1261 4082 puerulo

112 4127 239 4199 quinque
269 4140 358 4198 pagos
380 4123 564 4195 Helveticos,
595 4121 698 4195 quibus
729 4120 799 4179 nihil
824 4124 921 4193 potest
946 4132 1008 4175 asse
1034 4112 1134 4172 durius
1159 4119 1260 4172 contra

112 4237 242 4289 nostrum
255 4229 444 4302 evangelium,
466 4233 499 4287 ut
514 4228 627 4302 accepit
647 4227 734 4323 etiam
755 4226 846 4301 ipsum
866 4219 1075 4292 antichristum,
1096 4216 1259 4279 machinan-

112 4344 162 4396 tur
182 4334 260 4395 enim
280 4333 388 4408 aliquid
396 4344 424 4392 ¹².
