2768 4770
1203 291 1271 351 1⁵⁶2

192 465 246 525 Est
267 471 297 524 et
316 464 395 524 alind
418 464 558 535 nuntium,
581 466 658 539 quod
672 466 765 524 Roma
782 466 926 538 scribitur,
947 466 1039 543 (quod
1059 464 1197 528 fortassis
1216 468 1269 527 de·

113 572 156 631 dit
175 587 290 630 causam
310 571 406 643 Papae,
427 576 460 629 ut
480 571 509 628 in
530 587 596 631 eum
616 572 732 629 modum
751 571 789 629 sd
809 571 939 630 dominos
953 571 1084 632 Venetos
1101 572 1268 647 scripserit)

113 676 236 736 rediisse
257 675 367 735 scilicet
387 690 423 732 en
444 673 541 732 Gallia
560 675 699 738 nuntium.
723 673 773 747 qui
793 674 881 748 Papae
900 675 1097 744 nuntiaverit,
1118 675 1200 748 quod
1220 692 1265 734 se

113 783 280 842 renissimus
300 779 439 838 Navarra
459 779 534 837 ren¹
555 796 623 838 usus
644 777 734 838 fuerit
761 779 798 837 de
819 780 899 851 Papa
932 778 1135 851 hujuscemodi
1157 777 1266 851 serbis,

113 886 191 961 quod
211 903 269 944 non
282 886 322 943 sit
335 898 438 943 revera
450 883 539 956 Papa,
560 883 613 942 sed
632 884 709 958 quod
730 885 835 943 emerit
854 890 990 957 papatum
1012 882 1134 956 adjutus
1156 900 1266 959 aquo

115 988 181 1048 dam
200 987 293 1046 Italiae
313 984 456 1059 principe,
486 990 517 1044 et
537 1000 602 1044 cnm
621 1003 675 1058 per
694 984 845 1045 simoniam
865 994 982 1046 erectus
1002 986 1114 1058 fuerit,
1144 1003 1267 1060 sperare

114 1111 155 1165 se,
175 1092 252 1166 quod
273 1089 404 1149 dominus
425 1088 504 1146 Deus
524 1089 562 1146 sit
582 1104 647 1145 eum
667 1089 828 1160 puniturus.
870 1088 985 1175 Deinde
1005 1089 1165 1161 addidisse,
1186 1091 1267 1164 quod

115 1197 210 1257 Gallie
223 1213 336 1270 semper
346 1193 435 1253 fuerit
444 1191 688 1265 christianissima,
704 1199 734 1252 et
744 1195 768 1251 si
779 1194 847 1266 qnid
859 1210 944 1267 reges
954 1201 1136 1266 erraverunt,
1148 1210 1267 1253 errare·

115 1301 219 1360 runtin
228 1299 360 1358 damnum
368 1298 489 1371 regniet
498 1295 927 1369 innocentumChristianorum,
938 1300 986 1372 qni
995 1296 1114 1357 luerunt
1123 1297 1268 1358 combusti

115 1423 150 1465 ex
170 1404 291 1464 consilio
311 1410 342 1463 et
361 1403 547 1476 instigatione
567 1418 715 1475 paparum,
738 1408 768 1460 et
789 1403 866 1475 quod
888 1403 972 1461 modo
985 1419 1042 1462 non
1056 1407 1124 1461 sunt
1138 1402 1268 1477 amplius

117 1525 152 1567 ea
170 1514 308 1580 tempora
349 1504 433 1577 Quod
453 1512 561 1579 speret,
582 1520 613 1562 se
634 1521 717 1578 posse
738 1520 912 1577 recuperare
936 1515 1049 1579 partem
1075 1509 1179 1581 regui,
1199 1525 1269 1582 quar

115 1613 152 1670 ad
172 1628 203 1671 se
224 1617 350 1683 spectat,
379 1610 492 1669 etiamsi
513 1609 593 1681 Papa
614 1609 749 1667 noluerit.
791 1609 923 1683 Denique
945 1612 1001 1684 ait,
1023 1613 1132 1685 Papam
1153 1611 1267 1671 debere

115 1717 223 1776 habere
244 1719 272 1775 in
292 1717 442 1786 memoria,
471 1715 548 1787 quod
576 1715 633 1774 dux
656 1714 817 1774 Borbonii²
845 1714 899 1774 fnit
920 1715 1019 1775 Gallus
1040 1723 1071 1773 et
1092 1732 1152 1774 non
1174 1718 1269 1776 Italus

116 1827 167 1880 aut
186 1821 340 1894 Hispanus.

196 1925 249 1982 Est
267 1926 297 1981 in
317 1923 420 1983 iisdem
440 1925 564 1996 littoris,
596 1925 672 1998 quod
696 1926 775 1998 Papa
798 1926 944 1985 obtulerat
963 1927 1056 1985 eidem
1077 1928 1268 1986 serenissimo

115 2031 179 2102 regi
199 2029 344 2087 civitatem
357 2028 550 2100 Aninionsem,
572 2045 608 2087 ne
629 2030 758 2103 litigaret
779 2049 831 2105 pro
853 2032 975 2104 quadam
996 2037 1078 2102 parte
1099 2033 1185 2104 regni
1208 2032 1268 2090 Nn·

116 2150 209 2192 varrae
229 2149 292 2191 cnm
314 2131 455 2206 Philippo.

195 2237 301 2298 Paulus
321 2239 371 2308 ait,
392 2254 455 2296 esse
476 2236 648 2306 laetandum,
679 2239 703 2294 si
724 2238 810 2296 etiam
830 2255 884 2312 per
904 2240 1100 2307 occasionem,
1132 2239 1191 2298 hoc
1212 2249 1269 2308 est,

116 2361 171 2402 non
193 2359 229 2401 ex
248 2343 395 2415 proposito
416 2340 551 2399 laudetur
571 2340 658 2397 Deus.
701 2340 795 2411 Quare
824 2340 978 2398 laetandnm
1005 2339 1155 2407 existimo,
1189 2345 1269 2416 quod

115 2452 178 2510 istae
199 2447 291 2507 turbae
311 2446 390 2505 inter
410 2447 516 2518 Papam
538 2453 568 2502 et
589 2461 687 2517 regem
708 2443 788 2502 illurn
811 2453 920 2504 exortae
942 2444 1065 2517 luerint3
1087 2448 1268 2520 sperandum

117 2564 169 2626 est,
191 2552 301 2626 aliquid
322 2552 388 2611 boni
411 2551 479 2609 iudo
500 2557 730 2609 consecuturum.

194 2659 274 2731 Papa
293 2665 372 2716 totus
394 2658 518 2715 nuncin
540 2672 575 2714 eo
597 2663 649 2727 est,
671 2663 703 2713 ut
724 2671 827 2712 nonum
849 2655 976 2713 inveniat
991 2656 1115 2728 modum,
1138 2675 1199 2731 qno
1214 2659 1268 2718 de·

115 2765 213 2839 inceps
234 2771 349 2823 creetur
370 2780 460 2821 novus
481 2763 568 2835 Papa,
591 2761 736 2833 egregiam
758 2776 827 2818 nero
848 2760 1062 2833 cogitationem.

194 2870 308 2929 Dictavi
332 2875 419 2942 atque
446 2865 554 2926 absolvi
582 2866 618 2924 ad
645 2864 868 2924 illustrissimum
889 2866 1034 2925 Ferraria
1061 2866 1268 2928 cardinalem¹

115 2976 228 3034 litteras
248 2975 344 3032 italice
365 2972 495 3047 quidem,
523 2972 624 3030 sedin
645 2972 780 3028 Latinum
801 2973 944 3042 converti,
967 2979 999 3029 ut
1019 2971 1124 3044 possim
1147 2974 1266 3034 Vestra

117 3079 320 3137 lllustrissimae
341 3078 510 3138 Celsitudini
533 3077 701 3147 ostendene;
724 3077 833 3136 mittam
856 3079 1060 3150 cumprimum
1084 3077 1194 3136 luerint
1215 3082 1268 3140 de·

117 3184 240 3255 scriptae.

201 3288 267 3346 Misi
295 3287 412 3346 tandem
441 3287 642 3348 eleemosinam
664 3290 722 3346 200
743 3286 916 3344 florenornm
944 3287 973 3343 in
996 3286 1175 3359 Rhatiam‘;
1209 3309 1267 3350 non

680 3394 695 3424 ss

191 3469 200 3520 l
222 3468 247 3519 S.
267 3484 293 3519 n.
314 3469 362 3521 107
383 3468 439 3522 und
459 3466 609 3523 besondcrs
628 3489 655 3523 n.
677 3470 734 3524 136.

186 3553 202 3604 2
221 3553 275 3607 Der
293 3554 460 3608 connetable
479 3554 547 3608 Karl
565 3573 620 3610 ron
640 3557 784 3620 Bourbon,
804 3557 853 3612 der
870 3556 1000 3612 eroberer
1021 3574 1074 3611 ron
1094 3558 1163 3612 Rom
1187 3562 1266 3616 1527.

117 3637 236 3694 Freilich
257 3657 314 3694 war
333 3659 378 3693 nm
399 3640 474 3695 diese
494 3642 549 3697 neit
568 3642 696 3699 Navarra
720 3645 806 3700 sehon
825 3644 892 3700 halb
913 3645 965 3699 auf
979 3644 1172 3701 katholiseher
1191 3648 1264 3703 seite

116 3727 173 3781 und
192 3726 266 3782 diosc
284 3726 445 3797 tnsserung,
477 3747 558 3784 wenn
584 3749 614 3785 er
637 3732 677 3786 sie
698 3732 726 3800 je
753 3732 860 3801 gethan
887 3731 953 3793 hat,
984 3750 1042 3786 war
1061 3748 1112 3784 nur
1132 3731 1195 3786 eine
1215 3734 1266 3788 der

118 3814 208 3869 vielen
227 3814 458 3885 schwanknngen
478 3817 526 3869 deu
544 3816 685 3871 haltlosen
704 3835 829 3872 mannes.

185 3906 201 3957 3
220 3904 246 3957 S.
267 3902 317 3957 das
336 3902 555 3958 ansfdhrliohere
574 3905 616 3957 br.
637 3923 662 3957 n.
684 3907 740 3959 llil.
778 3906 833 3959 Der
851 3906 915 3959 titel
935 3907 984 3959 ist:
1023 3905 1062 3958 De
1081 3903 1265 3973 ginnamenti,

116 3990 166 4044 ohe
186 3990 278 4045 finnno
298 3992 307 4043 i
327 3990 438 4045 vescovi
456 3990 484 4045 al
504 3991 588 4060 Papa.
621 3990 677 4045 All·
696 3991 884 4046 illustrissimo
904 3993 977 4047 card.
998 3994 1026 4046 di
1047 3991 1171 4046 Ferrum.
1215 3991 1266 4046 llio

115 4076 296 4132 italilinische
324 4077 447 4148 nungabe
475 4077 511 4130 int
539 4095 602 4131 vom
630 4080 661 4132 15
680 4079 755 4133 Marz
776 4081 851 4133 1562.
889 4079 938 4133 Dic
962 4079 1109 4133 deutsche:
1138 4080 1181 4129 An
1211 4079 1266 4133 den

115 4164 331 4234 hochwilrdigen
352 4166 449 4220 herren
472 4164 644 4233 Hippolyten
666 4166 807 4220 Estensom
828 4170 880 4221 etc.
902 4183 962 4220 vom
983 4166 1106 4220 Febrnar
1127 4165 1195 4218 1562
1216 4166 1266 4219 da·

115 4250 172 4301 tint.
210 4251 304 4319 Serap.
324 4270 344 4304 s.
364 4253 405 4304 98.
427 4270 453 4303 n.
475 4255 533 4304 114.

184 4339 199 4387 sl
220 4336 245 4388 S.
265 4354 291 4388 n.
313 4338 360 4391 137
382 4338 409 4390 ff.
