2768 4740
114 288 182 346 1563

111 480 178 522 suos
198 463 312 522 divinos
338 464 504 528 thesauros.
536 462 666 532 spiritum
694 468 724 520 et
753 459 839 520 fidem
866 477 918 532 per
944 461 1088 521 Christum
1115 466 1260 525 dominum
1325 443 1327 447 ’

111 573 252 627 nostrum.

192 670 332 744 Tubingae
353 672 400 731 die
422 672 464 729 XI
486 671 654 731 Decembris
679 667 763 730 1563.

342 775 547 834 illustrissimae
569 773 756 832 celsitudinis
777 774 890 833 Vostrae
911 775 1036 834 servitor

1018 880 1184 953 Vergerius.

194 982 389 1044 Nachschrift:
412 1000 503 1058 equos
524 985 582 1042 erit
603 983 715 1042 dandus
728 983 873 1043 Foderico
888 983 1031 1057 Neppelio
1049 986 1066 1043 d
1083 986 1264 1053 cancellaria.

112 1090 295 1166 mittoenim
314 1089 463 1162 proprium
485 1086 621 1148 famulum
642 1088 679 1147 ad
700 1089 790 1156 illum,
811 1089 858 1161 qul
880 1087 1013 1162 accipiat,

660 1294 724 1352 193.

424 1407 545 1494 Verger
568 1431 610 1474 en
632 1409 751 1496 herzog
774 1407 957 1493 christoph.
1052 1427 1057 1441 ¹

438 1521 601 1596 Straliburg
620 1525 656 1580 31
679 1521 841 1582 December
862 1522 947 1582 1563.

188 1624 293 1680 Meldei
310 1625 385 1681 aeine
401 1624 525 1680 ankunii
537 1625 567 1679 in
582 1623 740 1694 Straliburg
758 1625 815 1679 ond
833 1622 890 1679 dass
909 1623 955 1679 die
972 1627 1036 1694 pest
1053 1624 1129 1679 aeine
1148 1623 1218 1680 reice
1236 1625 1267 1679 in

117 1722 164 1776 die
182 1721 306 1777 Schweiz
324 1720 459 1776 auiiralte.

199 1819 393 1878 illustrissime
413 1820 552 1893 Princeps
574 1826 604 1876 et
625 1819 746 1878 Domine
766 1820 890 1878 Domine
912 1817 1160 1879 clementissime!

198 1922 387 1993 Argentinam
409 1922 487 1994 veni,
509 1921 559 1980 ubi
579 1921 683 1989 audiui,
705 1921 850 1980 dominum
871 1921 1023 1996 legatum¹
1043 1924 1185 1984 Gallicum
1205 1940 1269 1984 esee

119 2028 149 2084 in
171 2025 272 2097 dubio,
301 2043 368 2085 num
390 2027 474 2085 modo
495 2025 582 2084 sitin
603 2025 747 2084 Rhaetiam
766 2024 951 2098 prolecturus
970 2029 1128 2088 renovandi
1149 2027 1270 2087 foederis

119 2146 215 2204 cansa
235 2138 391 2205 propterea
411 2131 487 2205 quod
508 2131 598 2205 pestis
618 2132 706 2204 coepit
725 2132 835 2190 sevire.
865 2130 934 2190 Misi
948 2133 1096 2206 proprium
1116 2133 1270 2200 hominem,

120 2234 170 2308 qui
190 2236 365 2308 interroget,
392 2253 476 2309 qoem
503 2243 639 2311 exspecto
666 2238 696 2295 in
721 2238 824 2309 horas3
855 2239 879 2297 si
908 2240 1024 2299 venerit
1044 2245 1074 2300 et
1094 2239 1272 2299 nuntiaverit

121 2342 247 2420 eundum
268 2358 342 2413 csse,
362 2342 433 2400 nihil
454 2344 598 2416 morabor,
619 2344 733 2403 etiamsi
754 2343 869 2403 tantille
889 2345 1011 2419 coeperit
1025 2345 1115 2419 pestis
1136 2360 1271 2419 regnare,

121 2442 214 2504 fretus
235 2445 389 2505 clementia
408 2447 480 2518 Dei3
502 2447 527 2505 si
546 2461 615 2504 vero
636 2446 754 2518 putarit,
776 2461 840 2504 esee
861 2445 1061 2518 differendum,
1083 2463 1137 2521 ego
1157 2462 1272 2520 qnoque

121 2547 253 2608 differam
274 2556 305 2610 et
325 2549 484 2622 Tubingam
505 2550 653 2609 rediturus
672 2566 744 2608 aum.

202 2654 299 2714 Gallia
319 2655 393 2714 bene
414 2653 502 2714 habet
521 2656 551 2713 in
573 2654 733 2729 cvangelio,
755 2654 851 2727 molti,
871 2655 920 2728 qni
941 2653 1009 2712 inde
1029 2655 1167 2726 veniunt,
1194 2652 1271 2715 affir-

123 2765 210 2817 mant
251 2759 288 2818 D.
309 2758 432 2818 Vidama
457 2759 494 2819 de
515 2757 690 2820 Schartros¹
719 2759 766 2818 iric
793 2757 848 2818 luit
875 2759 985 2832 aliquot
1014 2759 1134 2832 diebus,
1165 2757 1271 2818 deinde

122 2861 272 2936 profectus
293 2870 338 2922 est
357 2864 394 2922 ad
413 2865 638 2925 illustrissimum
655 2865 851 2939 Bipontinurm
871 2879 937 2921 mox
957 2864 1100 2923 Basileanr
1120 2869 1269 2922 venturus.

204 2967 294 3027 Liber
314 2969 351 3028 de
373 2969 494 3029 concilio
514 2969 698 3043 imprimitur,
726 2968 811 3028 uideo
831 2984 896 3027 eurn
917 2966 1059 3041 quotidie,
1086 2968 1138 3027 aed
1157 2966 1271 3041 paucis·

123 3073 197 3131 eima
216 3073 357 3147 intelligo,
380 3091 447 3134 narn
468 3076 632 3149 germanice
653 3074 836 3146 imprimitur.

203 3175 329 3250 Reliqua
348 3194 405 3237 non
425 3184 502 3250 sunt,
524 3194 588 3252 que
608 3179 666 3235 sint
685 3176 847 3248 scribenda,
868 3174 954 3235 modo
973 3174 1089 3234 Basilea
1108 3175 1197 3248 pestis
1217 3191 1275 3234 coe·
1301 3252 1306 3262 .

123 3280 169 3351 pit
190 3280 278 3338 etiarn
298 3279 345 3339 hic
370 3279 593 3355 aliquantulum,
621 3280 701 3337 Deus
721 3278 864 3350 gubernet
890 3293 970 3336 eoam
995 3278 1155 3367 ecclesiam.
1195 3275 1276 3336 Bene

125 3384 224 3444 valeat
243 3385 442 3445 illustrissima
462 3383 611 3444 Celsitudo
631 3384 745 3443 Vestra.
784 3384 874 3443 Pater
900 3376 1026 3441 coelestis
1052 3380 1198 3455 adaugeat
1225 3397 1277 3440 sua

125 3488 227 3549 divina
248 3488 332 3562 dona,
353 3490 486 3562 spiritum
507 3496 537 3549 et
556 3488 645 3548 fidem
664 3504 717 3561 per
738 3488 883 3548 Christum
905 3487 1052 3546 dominum
1073 3489 1211 3544 nostrum.

205 3593 374 3667 Argentince
394 3594 495 3653 ultima
515 3592 564 3651 die
585 3592 752 3652 Decembris
772 3607 848 3650 anno
872 3592 957 3649 1563.

206 3698 420 3757 illustrissimus
439 3699 574 3772 princepe
595 3696 622 3757 d.
643 3695 843 3756 Radzivillus⁸
862 3695 1044 3755 commendat
1063 3709 1095 3752 ee
1108 3710 1153 3753 er
1173 3693 1277 3762 animo,

129 3802 203 3861 mira
223 3802 376 3878 diligentia
396 3802 446 3863 dat
466 3819 585 3878 operam
605 3802 712 3862 litteris
733 3807 763 3859 et
782 3801 897 3872 pietati.

357 3906 565 3967 illustrissimae
586 3905 775 3967 Celsitudioie
795 3904 909 3964 Vestra
929 3903 1053 3961 servitor

1034 4005 1200 4078 largerius.

698 4131 713 4165 lt

204 4169 216 4221 l
236 4166 264 4222 S.
283 4186 310 4223 ιι.
331 4168 390 4222 191.

200 4255 217 4308 2
236 4254 262 4309 S.
282 4272 308 4309 n.
330 4255 389 4310 192.

202 4342 218 4395 3
236 4339 263 4396 Β.
283 4357 311 4397 n.
331 4341 390 4398 187.

184 4443 275 4498 verger
