2768 4740
123 274 193 330 ¹5⁶2
666 283 728 344 469

192 447 258 504 11111
278 449 308 504 in
328 449 377 504 das
392 450 459 520 jahr
474 450 541 504 1562
553 449 620 504 oder
633 448 667 502 63
680 447 777 510 fallen,
800 447 931 503 wahrend
946 447 990 503 die
1004 450 1270 524 unterhandluugeu

120 561 176 600 von
195 544 320 616 Spanien
348 545 406 600 und
435 546 498 601 dem
524 547 609 615 papst
633 542 687 598 mit·
706 543 898 598 Graubduden
922 561 1018 614 wegeu
1044 547 1091 601 des
1115 547 1270 616 durchcugs

119 639 194 696 noch
213 641 417 697 fortdauerten.

190 738 292 793 Malunt
311 737 467 809 dringend,
488 738 540 792 ruil-
559 736 747 792 (iraubdudeu
767 736 811 790 ein
834 735 961 792 bdudniss
981 756 1014 791 au
1033 738 1191 803 achliessen,
1217 739 1269 794 ehe

120 833 240 905 Philipp
258 832 316 888 und
335 833 384 889 der
403 835 488 904 papst
506 850 534 900 pe
553 832 632 886 thuu.

201 978 412 1051 Posteaquam
433 977 524 1037 obivit
543 993 560 1036 a
581 977 662 1036 nobis
682 978 815 1052 'subiuga
836 979 941 1037 Vestra
959 976 1157 1036 illustrissima
1177 975 1269 1036 (11111-

119 1082 211 1154 tudo,
241 1082 409 1155 diligentius
428 1081 522 1141 111111
549 1082 673 1156 cogimvi
699 1081 736 1141 de
763 1098 850 1141 causa
877 1083 1051 1141 Rhosiorum.
1097 1081 1131 1138 Iu
1160 1096 1270 1140 summa

118 1185 190 1245 mihi
218 1185 333 1245 ridetur
358 1186 483 1258 pessime
509 1184 626 1246 factum.
667 1187 774 1246 Tamen
803 1201 970 1246 monueram
999 1185 1154 1259 diligenter
1182 1185 1268 1245 etiam

118 1290 228 1362 scripto
249 1288 395 1348 domiuum
416 1292 541 1364 legatam
556 1291 579 1361 ¹,
613 1299 644 1350 ut
664 1298 782 1350 caueret
802 1298 832 1351 et
852 1291 923 1350 nihil
944 1289 1062 1363 profeci.
1103 1291 1157 1349 Ille
1177 1295 1268 1349 totam

120 1394 362 1456 existimationem
385 1401 428 1467 (ut
448 1395 517 1455 inde
538 1395 687 1472 incipiam)
715 1397 795 1469 regni
817 1396 921 1456 Gallici
948 1401 979 1455 et
998 1411 1129 1469 magnam
1149 1395 1267 1455 Germa·

119 1501 176 1559 uiae
196 1506 307 1574 partem
327 1501 424 1574 posuit
444 1503 472 1560 iu
493 1502 631 1574 periculo.
659 1501 809 1574 Quomodo
830 1502 906 1561 euim
925 1502 1034 1575 poterit
1053 1501 1082 1559 iu
1102 1500 1189 1559 Italia
1208 1517 1268 1559 um·

120 1605 198 1678 plius
219 1603 326 1663 bellum
346 1620 450 1679 gerere
472 1613 501 1665 et
521 1622 553 1665 se
574 1607 667 1677 tueri,
698 1607 721 1664 si
747 1606 861 1665 interea
887 1605 998 1664 aditum
1024 1620 1075 1664 seu
1097 1621 1212 1677 passum
1231 1604 1268 1663 ad

119 1709 236 1769 Italiam
256 1709 409 1769 occludere
437 1710 550 1769 uoluit?
590 1703 696 1770 Notum
725 1717 788 1783 est,
819 1726 904 1784 quam
929 1709 1084 1769 difficulter
1110 1725 1157 1768 res
1179 1707 1269 1768 fuerit

121 1813 261 1887 conlecta,
282 1831 344 1873 cum
360 1814 436 1875 Galli
453 1831 545 1890 nuper
559 1815 701 1874 Rhoetiam
723 1831 826 1888 magua
845 1814 1038 1874 sollicitudine
1058 1814 1219 1873 retinerent
1238 1820 1267 1872 et

122 1927 221 1979 tumen
242 1920 289 1977 vix
308 1924 444 1993 poterant
464 1925 618 1990 penetrare
639 1924 726 1992 atque
746 1919 897 1986 resistere,
926 1917 1002 1990 quod
1030 1917 1198 1989 neutiquam
1217 1932 1268 1990 po·

120 2024 254 2096 tuissent,
275 2025 299 2081 si
317 2023 459 2083 Rhoetiam
481 2023 686 2097 neglexissent.
719 2024 806 2084 Certe
827 2022 898 2082 nihil
918 2020 998 2080 aliud
1018 2021 1065 2079 hic
1084 2020 1142 2080 dici
1160 2026 1266 2093 potest,

120 2128 176 2187 nisi
197 2127 273 2203 quod
294 2127 439 2187 voluerint
458 2128 589 2200 pecuniae
609 2141 737 2200 parcere.
769 2125 853 2183 Nunc
873 2123 941 2199 qnid
962 2125 1011 2182 isti
1031 2123 1147 2182 dicent?
1167 2139 1267 2196 passos

117 2231 207 2293 luisse
219 2232 350 2292 dominos
363 2233 471 2304 Gallos,
493 2250 523 2292 se
539 2233 756 2306 vincipecunio,
777 2247 841 2290 cunr
857 2229 893 2288 de
914 2246 947 2288 re
968 2229 1090 2287 maxima
1109 2228 1266 2303 ageretur?

199 2338 285 2398 Dicet
304 2338 417 2413 aliquis,
440 2340 571 2411 exiguam
594 2336 680 2397 inisse
705 2338 864 2409 jacturam,
896 2349 991 2410 neque
1019 2333 1095 2393 anim
1118 2333 1267 2407 potientur

117 2441 221 2512 Rhoeti,
244 2443 329 2501 educi
349 2443 533 2515 militemper
547 2442 689 2500 Rhoetiam
710 2456 747 2499 ea
767 2440 862 2500 Italia.
893 2437 1104 2513 Respondetur,
1126 2435 1215 2497 luisse
1236 2436 1266 2496 id

116 2544 206 2604 verbo
226 2544 411 2619 promissum,
445 2560 481 2603 ne
502 2545 584 2603 miles
605 2543 791 2611 educeretur,
821 2541 873 2601 sed
893 2544 918 2601 si
938 2541 1060 2615 coeperit
1085 2558 1133 2600 res
1160 2555 1265 2613 urgere

116 2655 149 2710 et
168 2649 231 2708 hac
250 2649 385 2709 inchoata
404 2652 531 2711 conicitis
555 2651 583 2709 iu
613 2650 675 2709 dies
702 2647 936 2720 confirmabitur,
965 2650 1077 2722 majora
1096 2646 1265 2708 videbimus.

117 2751 206 2813 certe
233 2752 404 2826 adapertum
434 2762 478 2814 est
506 2755 626 2826 ostium,
657 2771 714 2828 quo
739 2753 870 2813 extranei
889 2751 997 2813 milites
1015 2754 1127 2827 possint
1146 2752 1266 2812 Germa·

116 2858 195 2916 uiam
216 2859 296 2918 nullo
317 2860 434 2932 negotio
454 2860 577 2932 ingredi.
619 2858 763 2917 Viderunt
782 2858 837 2917 hoc
856 2857 990 2932 Hispani,
1015 2857 1065 2931 qui
1084 2873 1189 2930 magua
1207 2857 1265 2917 sol·

117 2963 268 3023 licitudiue
290 2962 365 3023 benc
385 2974 432 3024 ter
451 2964 533 3024 brevi
554 2965 691 3038 temporis
720 2964 813 3038 spatio
840 2969 993 3035 urserunt,
1025 2966 1057 3022 ut
1083 2961 1138 3022 sibi
1164 2961 1267 3023 liceret

116 3083 186 3128 suos
203 3070 312 3128 milites
333 3086 369 3128 ex
389 3070 473 3129 Italia
494 3071 523 3128 in
540 3070 724 3129 Germaniam
738 3068 872 3142 educere,
893 3067 970 3154 quod
990 3083 1066 3127 nuuc
1086 3083 1143 3127 nou
1163 3082 1266 3142 magna

115 3174 241 3245 pecnnia
260 3180 486 3249 consequuntur.
527 3174 557 3234 Si
579 3176 659 3248 Papa
680 3175 804 3237 voluerit
824 3173 902 3234 bella
921 3188 1024 3247 gerere
1054 3177 1084 3232 et
1104 3172 1266 3232 Germania

115 3277 250 3339 civitates
270 3279 427 3349 invadere„
458 3280 527 3353 quid
552 3281 694 3354 potuisset
722 3280 859 3353 consequi
885 3277 1080 3338 commodius?
1119 3278 1181 3337 Imo
1200 3293 1264 3336 cum

115 3399 193 3442 nunc
205 3383 402 3443 Consualium
424 3385 568 3444 custodiat
588 3385 736 3450 acerrime,
758 3385 827 3459 quid
848 3386 990 3458 potuisset
1002 3383 1178 3444 commodius
1199 3399 1264 3442 eon·

116 3488 218 3562 sequi?
249 3489 350 3548 llioam
370 3489 501 3563 amplius,
524 3491 737 3549 illustrissimus
756 3488 1029 3564 wirtembergensis
1049 3487 1111 3548 iere
1131 3488 1169 3547 ad
1190 3487 1265 3546 Con·

115 3593 252 3652 stantiam
273 3610 364 3667 usque
385 3596 518 3668 pervenit
538 3612 590 3654 suo
611 3596 746 3654 dominio.
788 3596 842 3654 Ille
867 3611 982 3668 quoque
1011 3593 1197 3667 singulariter
1224 3593 1264 3650 vi-

116 3695 203 3755 detur
223 3696 375 3769 obnoxius,
396 3714 433 3758 ue
454 3716 471 3757 a
492 3699 573 3772 Papa
593 3699 748 3759 invadatur
768 3705 856 3774 atque
878 3698 914 3758 ab
934 3698 1078 3773 Hispanis.

195 3798 271 3870 Quid
293 3799 369 3874 quod
391 3802 529 3874 expositae
550 3810 618 3862 sunt
638 3803 734 3863 multa
761 3803 893 3862 civitates
906 3801 1113 3863 Helvetiorum
1135 3802 1265 3862 maximis

114 3902 253 3976 injuriis?
273 3903 399 3963 Possunt
413 3906 535 3979 opprimi
550 3891 603 3978 per
617 3905 759 3964 Rhoetiam
774 3911 804 3964 et
819 3904 1015 3965 Mediolanum
1036 3907 1115 3965 nullo
1136 3904 1263 3978 negotio.
1332 3927 1335 3933 ·

115 4009 192 4082 Quid
214 4009 250 4068 de
272 4010 391 4070 Genava
411 4011 562 4071 dicendum
584 4013 652 4072 est?
693 4013 747 4070 llla
773 4013 849 4072 enim
877 4012 955 4071 illinc
980 4011 1091 4070 aduce
1111 4007 1264 4069 Sabaudiae

681 4148 696 4180 ᾖ

187 4249 199 4300 l
217 4247 283 4386 glou
302 4247 510 4305 fianadaischen
529 4249 685 4320 gasaudten
698 4249 827 4320 Coignet,
844 4266 864 4305 1.
884 4264 910 4299 n.
932 4246 989 4310 lau,
1008 4242 1076 4298 oder
1088 4243 1123 4298 de
1135 4241 1262 4307 laOroix,

112 4349 134 4386 1.
153 4349 181 4387 u.
202 4333 214 4387 1
253 4372 261 4388 .
