2768 4740
119 285 186 338 1559
660 299 719 357 195

115 460 199 516 nimia
219 460 326 530 gradu,
348 477 392 518 me
410 463 526 533 judice.
553 479 646 535 neque
668 471 764 524 tamen
786 465 874 522 mirer
894 473 1020 525 nostram
1042 472 1262 541 cunctationem,

114 580 200 633 qurrm
224 570 253 621 et
274 564 422 621 domestici
445 582 500 623 non
522 566 633 626 desint.
657 570 704 640 qni
727 584 799 640 opus
822 570 934 627 Domini
956 571 1130 645 impediant,
1163 584 1192 634 ct
1214 593 1261 633 ex-

114 669 190 723 terni
213 669 295 725 multi
318 670 376 724 sint
397 675 539 740 potentes,
563 672 610 742 qni
633 671 668 727 ab
689 673 805 744 incepto
828 672 976 733 deterrere
998 686 1153 750 conantur,
1179 682 1262 753 pauci

115 770 160 826 vel
183 771 254 827 nulli
275 771 380 843 potins,
402 774 449 843 qui
472 773 508 829 ad
529 781 676 832 strenuom
698 791 758 833 rem
780 778 936 848 gerendam
957 781 1112 841 hortantur
1132 790 1161 842 et
1183 786 1263 842 insti·

114 880 192 945 gent.
225 876 294 946 Quis
315 892 410 933 rerum
433 880 528 935 exitus
550 877 664 938 futurus
685 881 730 950 sit,
753 883 781 938 in
804 889 885 939 tanta
904 885 1081 958 negligentia
1101 895 1159 946 tam
1180 888 1263 947 bona

65 997 72 1012 ·
115 980 274 1037 occasionis
295 981 398 1038 timere
419 981 496 1051 licet,
518 984 638 1039 ominari
661 1001 716 1041 non
739 985 819 1042 libet.

193 1082 322 1153 Oplurim
338 1085 445 1154 reginae
464 1093 568 1144 nostrae
591 1094 713 1145 ruentem
735 1096 792 1146 tem
814 1091 904 1148 solide
926 1093 1023 1151 (livino
1045 1098 1097 1153 nili
1117 1098 1262 1169 praesidio,

114 1196 145 1244 ut
166 1187 297 1244 homines
320 1202 412 1258 neque
434 1189 534 1248 tardos
554 1199 710 1262 operantes
740 1190 869 1269 (timeat)
891 1213 944 1253 nec
968 1200 1199 1268 praecedentibus
1219 1203 1261 1260 in·

115 1301 195 1350 stare
223 1291 346 1348 sollicita
373 1295 419 1348 sil.
463 1295 599 1353 Dominus
627 1303 726 1353 noster
745 1295 830 1355 Jesus
852 1297 982 1358 Christus
1003 1305 1150 1362 eeclesiam
1178 1322 1259 1363 snam

113 1395 218 1452 liberet
240 1404 266 1452 et
290 1399 454 1454 conservet!
477 1398 524 1468 qui
546 1414 633 1468 quum
650 1400 688 1454 sit
700 1400 840 1468 sapientia
856 1401 949 1458 Putris
970 1420 1003 1460 ac
1025 1409 1161 1476 potentia,
1183 1409 1260 1467 solus

113 1511 142 1556 et
165 1502 244 1557 norit
266 1509 295 1558 et
316 1509 411 1572 potest
433 1502 533 1560 hostes
554 1519 620 1560 suos
642 1502 805 1574 profligare.

192 1605 272 1661 Bene
293 1607 356 1662 vale
379 1613 409 1663 et
429 1607 590 1665 antichristi
613 1609 758 1678 tyrannidi
780 1625 869 1681 perge
891 1612 1036 1670 resistcre.

193 1711 300 1767 llalum
323 1710 445 1767 Londini
468 1715 485 1767 5
508 1712 604 1768 Martii
629 1715 711 1768 1559.

260 1814 337 1871 Tuus
358 1816 386 1871 in
409 1815 531 1871 Domino
552 1813 644 1873 irater
664 1818 873 1874 amantissimus
896 1821 1036 1877 Antonius
1059 1818 1183 1878 Ooolrus.

666 2114 711 2166 74.

413 2231 537 2315 Verger
560 2252 602 2295 an
626 2231 746 2315 herzog
770 2229 956 2315 Ohristoph.

488 2360 640 2434 Tltbingen
663 2365 680 2417 6
701 2362 782 2419 Mltrz
806 2365 889 2418 1559.

183 2471 370 2538 Uberschiclrt
382 2481 476 2545 nnete,
496 2481 601 2536 moldet
615 2482 679 2536 dass
692 2483 738 2538 die
750 2482 881 2537 Zlirichcr
897 2483 964 2537 liber
977 2483 1052 2538 aeine
1065 2483 1260 2554 bemtllnnngen

113 2594 212 2647 wcgen
241 2579 291 2634 der
318 2578 457 2634 annahme
482 2578 531 2633 der
551 2579 717 2649 augustana
740 2577 768 2631 in
789 2577 920 2648 England
945 2578 1009 2633 sehr
1034 2581 1145 2633 craltrnt
1172 2579 1262 2643 seien;

112 2674 203 2730 biltet
223 2676 267 2728 litr
285 2676 367 2730 einen
387 2674 565 2745 gelengenen
585 2673 780 2728 buchdrucker
797 2674 826 2727 in
846 2676 1010 2745 Angaburg;
1036 2675 1176 2731 berichtel
1194 2675 1262 2730 tiber

114 2769 197 2825 einen
222 2771 251 2824 in
271 2770 419 2841 Tttbingen
446 2771 626 2826 erstochcnen
651 2768 736 2825 Pelen
754 2770 899 2825 Salelakhi
923 2771 980 2824 und
1007 2769 1052 2825 die
1073 2771 1203 2827 rcrsuche
1222 2771 1260 2825 du

113 2867 235 2937 Bellayrn
255 2866 304 2920 ihn
322 2884 383 2920 anm
394 2866 557 2936 papstthum
571 2866 839 2935 anruckaubringen.

183 2962 293 3033 Herzog
313 2962 476 3033 Christopha
496 2967 618 3018 antwort
636 2983 662 3017 n.
683 2967 724 3017 75.

192 3062 387 3120 illustrissime
409 3063 545 3136 Princeps
566 3070 596 3120 ct
617 3064 737 3120 Domine
762 3063 881 3120 llornine
905 3063 1145 3121 clementissime!

192 3165 239 3224 Ad
260 3168 374 3224 litteras
395 3167 507 3224 Vestra
528 3165 730 3222 lllnstrissiman
753 3163 938 3221 celsitudinis
959 3164 1016 3221 (liei
1038 3167 1075 3220 25
1098 3163 1258 3229 Februarii,

112 3286 182 3342 quas
203 3277 373 3328 reverenter
393 3272 505 3342 accepi,
535 3270 613 3328 nullo
641 3286 776 3340 responso
805 3286 876 3340 opus
904 3276 957 3325 est.
1000 3269 1198 3340 Exspectabo,
1231 3275 1264 3326 ut

112 3373 277 3432 Clementia
296 3375 400 3432 Vestra
421 3376 538 3433 mandet
566 3373 633 3431 mihi
663 3374 698 3431 de
728 3375 831 3443 jugero
860 3372 1005 3444 provideri
1033 3389 1085 3443 pro
1116 3372 1263 3431 commodo

111 3478 293 3550 reipublicae;
313 3479 372 3550 jnm
394 3480 495 3549 habeo,
516 3479 594 3551 quod
615 3480 751 3552 plantem.

189 3583 327 3640 Nicotaus
348 3603 365 3640 n
387 3583 595 3654 Warendori¹‚
618 3583 792 3641 serenissimi
816 3582 961 3640 Bohcmim
991 3581 1066 3653 regis
1091 3583 1119 3638 in
1142 3581 1263 3639 comitiis

112 3689 234 3760 legatus,
256 3687 333 3746 misit
354 3689 390 3745 od
411 3704 456 3745 me
484 3689 549 3758 has,
583 3705 654 3760 quas
675 3689 757 3747 mitto
784 3689 913 3758 litteras,
946 3688 1055 3745 Vestra
1076 3685 1263 3743 Celsitudinis

113 3793 218 3849 nomini
239 3793 406 3864 inscriptas,
436 3808 505 3863 {luas
533 3795 573 3850 ait
601 3791 827 3862 aPilrausero²
854 3792 890 3850 ao
919 3811 949 3849 se
980 3794 1086 3849 missas.
1128 3789 1263 3861 Suspicor

114 3913 169 3963 eas,
191 3915 256 3970 qum
277 3905 343 3955 sunt
364 3897 491 3968 inclusae,
514 3899 550 3954 od
572 3913 615 3956 rue
637 3897 801 3971 pertinere,
823 3901 873 3955 sert
894 3914 957 3954 oum
980 3911 1036 3952 non
1059 3895 1171 3951 licuerit
1193 3892 1260 3950 milri

183 4149 194 4200 l
215 4147 354 4204 Nikoleus
368 4146 546 4202 Warnadorll'
559 4163 617 4199 war
629 4145 819 4200 Maxinrilians
839 4143 989 4212 gesandtcr
1008 4141 1059 4194 nol
1075 4140 1137 4193 elem
1158 4139 1261 4193 reiclrs-

112 4237 162 4304 ng
179 4235 209 4288 in
229 4235 388 4306 Augsburg.
426 4235 452 4288 S.
473 4233 577 4287 Lebret
594 4231 641 4293 lx,
664 4234 720 4285 154.

181 4321 198 4373 2
216 4320 283 4389 vgl.
303 4338 330 4375 n.
350 4323 382 4375 61
391 4339 417 4375 a.

1000 4409 1053 4466 13⁸
