<?xml version="1.0" encoding="UTF-8"?>
<!DOCTYPE html PUBLIC "-//W3C//DTD XHTML 1.0 Transitional//EN"
    "http://www.w3.org/TR/xhtml1/DTD/xhtml1-transitional.dtd">
<html xmlns="http://www.w3.org/1999/xhtml" xml:lang="en" lang="en">
 <head>
  <title>
</title>
<meta http-equiv="Content-Type" content="text/html;charset=utf-8" />
  <meta name='ocr-system' content='tesseract 3.04.00' />
  <meta name='ocr-capabilities' content='ocr_page ocr_carea ocr_par ocr_line ocrx_word'/>
</head>
<body>
  <div class='ocr_page' id='page_1' title='image "./briefwechselzwi00verggoog/briefwechselzwi00verggoog_0138.png"; bbox 0 0 2768 4740; ppageno 0'>
   <div class='ocr_carea' id='block_1_1' title="bbox 414 695 954 1032">
    <p class='ocr_par' dir='ltr' id='par_1_1' title="bbox 414 695 954 1032">
     <span class='ocr_line' id='line_1_1' title="bbox 663 695 709 749; baseline 0.022 -1"><span class='ocrx_word' id='word_1_1' title='bbox 663 695 709 749; x_wconf 76' lang='lat'><strong>42.</strong></span> 
     </span>
     <span class='ocr_line' id='line_1_2' title="bbox 414 823 954 911; baseline 0.002 -22"><span class='ocrx_word' id='word_1_2' title='bbox 414 823 538 909; x_wconf 82' lang='lat' dir='ltr'><strong>Verger</strong></span> <span class='ocrx_word' id='word_1_3' title='bbox 561 847 603 888; x_wconf 85' lang='lat' dir='ltr'><strong>an</strong></span> <span class='ocrx_word' id='word_1_4' title='bbox 625 824 743 908; x_wconf 82' lang='lat' dir='ltr'><strong>herzog</strong></span> <span class='ocrx_word' id='word_1_5' title='bbox 767 823 954 911; x_wconf 83' lang='lat' dir='ltr'><strong>Christoph.</strong></span> 
     </span>
     <span class='ocr_line' id='line_1_3' title="bbox 437 960 937 1032; baseline -0.002 -11"><span class='ocrx_word' id='word_1_6' title='bbox 437 961 611 1032; x_wconf 76' lang='lat' dir='ltr'><strong>Rentlingen</strong></span> <span class='ocrx_word' id='word_1_7' title='bbox 634 960 689 1018; x_wconf 89' lang='lat' dir='ltr'><strong>den</strong></span> <span class='ocrx_word' id='word_1_8' title='bbox 711 963 749 1016; x_wconf 79' lang='lat'><strong>20</strong></span> <span class='ocrx_word' id='word_1_9' title='bbox 770 962 829 1018; x_wconf 83' lang='lat' dir='ltr'><strong>Mai</strong></span> <span class='ocrx_word' id='word_1_10' title='bbox 854 965 937 1020; x_wconf 79' lang='grc'><strong>1555.</strong></span> 
     </span>
    </p>
   </div>
   <div class='ocr_carea' id='block_1_2' title="bbox 111 1080 1260 1251">
    <p class='ocr_par' dir='ltr' id='par_1_2' title="bbox 111 1080 1260 1251">
     <span class='ocr_line' id='line_1_4' title="bbox 183 1080 1260 1154; baseline 0.003 -17"><span class='ocrx_word' id='word_1_11' title='bbox 183 1084 289 1154; x_wconf 82' lang='lat' dir='ltr'><strong>Vergen</strong></span> <span class='ocrx_word' id='word_1_12' title='bbox 312 1084 404 1138; x_wconf 65' lang='lat' dir='ltr'><strong>russei</strong></span> <span class='ocrx_word' id='word_1_13' title='bbox 426 1083 485 1137; x_wconf 87' lang='lat' dir='ltr'><strong>sich</strong></span> <span class='ocrx_word' id='word_1_14' title='bbox 511 1100 543 1135; x_wconf 78' lang='lat' dir='ltr'><strong>sn</strong></span> <span class='ocrx_word' id='word_1_15' title='bbox 569 1083 646 1135; x_wconf 89' lang='lat' dir='ltr'><strong>einer</strong></span> <span class='ocrx_word' id='word_1_16' title='bbox 670 1080 740 1135; x_wconf 78' lang='lat' dir='ltr'><strong>reice</strong></span> <span class='ocrx_word' id='word_1_17' title='bbox 766 1081 837 1136; x_wconf 82' lang='lat' dir='ltr'><strong>noch</strong></span> <span class='ocrx_word' id='word_1_18' title='bbox 867 1082 994 1137; x_wconf 85' lang='lat' dir='ltr'><strong>Prenllen</strong></span> <span class='ocrx_word' id='word_1_19' title='bbox 1018 1085 1074 1138; x_wconf 90' lang='lat' dir='ltr'><strong>und</strong></span> <span class='ocrx_word' id='word_1_20' title='bbox 1094 1085 1178 1139; x_wconf 88' lang='lat' dir='ltr'><strong>Poleu</strong></span> <span class='ocrx_word' id='word_1_21' title='bbox 1204 1088 1260 1140; x_wconf 83' lang='lat' dir='ltr'><strong>ond</strong></span> 
     </span>
     <span class='ocr_line' id='line_1_5' title="bbox 111 1176 1258 1251; baseline 0 -17"><span class='ocrx_word' id='word_1_22' title='bbox 111 1182 199 1234; x_wconf 80' lang='lat' dir='ltr'><strong>bittet</strong></span> <span class='ocrx_word' id='word_1_23' title='bbox 216 1197 265 1233; x_wconf 87' lang='lat' dir='ltr'><strong>nm</strong></span> <span class='ocrx_word' id='word_1_24' title='bbox 284 1179 475 1248; x_wconf 77' lang='lat' dir='ltr'><strong>verwendung</strong></span> <span class='ocrx_word' id='word_1_25' title='bbox 499 1179 547 1231; x_wconf 87' lang='lat' dir='ltr'><strong>des</strong></span> <span class='ocrx_word' id='word_1_26' title='bbox 566 1178 681 1247; x_wconf 81' lang='lat' dir='ltr'><strong>hernogs</strong></span> <span class='ocrx_word' id='word_1_27' title='bbox 699 1176 744 1230; x_wconf 82' lang='lat' dir='ltr'><strong>mr</strong></span> <span class='ocrx_word' id='word_1_28' title='bbox 769 1178 863 1232; x_wconf 86' lang='lat' dir='ltr'><strong>seineu</strong></span> <span class='ocrx_word' id='word_1_29' title='bbox 888 1178 917 1231; x_wconf 87' lang='lat' dir='ltr'><strong>in</strong></span> <span class='ocrx_word' id='word_1_30' title='bbox 935 1178 1064 1248; x_wconf 75' lang='lat' dir='ltr'><strong>Venedig</strong></span> <span class='ocrx_word' id='word_1_31' title='bbox 1083 1179 1258 1251; x_wconf 75' lang='lat' dir='ltr'><strong>gefnngenen</strong></span> 
     </span>
    </p>
   </div>
   <div class='ocr_carea' id='block_1_3' title="bbox 111 1275 793 1440">
    <p class='ocr_par' dir='ltr' id='par_1_3' title="bbox 111 1275 793 1440">
     <span class='ocr_line' id='line_1_6' title="bbox 111 1275 363 1331; baseline 0 -3"><span class='ocrx_word' id='word_1_32' title='bbox 111 1277 206 1331; x_wconf 82' lang='lat' dir='ltr'><strong>neffen</strong></span> <span class='ocrx_word' id='word_1_33' title='bbox 226 1275 363 1331; x_wconf 80' lang='lat' dir='ltr'>Aurelius.</span> 
     </span>
     <span class='ocr_line' id='line_1_7' title="bbox 184 1368 793 1440; baseline -0.003 -17"><span class='ocrx_word' id='word_1_34' title='bbox 184 1370 276 1423; x_wconf 86' lang='lat' dir='ltr'><strong>Schon</strong></span> <span class='ocrx_word' id='word_1_35' title='bbox 296 1369 435 1440; x_wconf 83' lang='lat' dir='ltr'><strong>gedrnckt</strong></span> <span class='ocrx_word' id='word_1_36' title='bbox 454 1369 498 1423; x_wconf 90' lang='lat' dir='ltr'><strong>hei</strong></span> <span class='ocrx_word' id='word_1_37' title='bbox 517 1368 619 1423; x_wconf 74' lang='lat' dir='ltr'><strong>helmet</strong></span> <span class='ocrx_word' id='word_1_38' title='bbox 639 1368 685 1431; x_wconf 84' lang='grc' dir='ltr'><strong>ΠΙ,</strong></span> <span class='ocrx_word' id='word_1_39' title='bbox 705 1370 756 1421; x_wconf 74' lang='grc'><strong>548</strong></span> <span class='ocrx_word' id='word_1_40' title='bbox 775 1369 793 1421; x_wconf 82' lang='lat' dir='ltr'><strong>l.</strong></span> 
     </span>
    </p>
   </div>
   <div class='ocr_carea' id='block_1_4' title="bbox 111 1466 1262 2168">
    <p class='ocr_par' dir='ltr' id='par_1_4' title="bbox 195 1466 1138 1539">
     <span class='ocr_line' id='line_1_8' title="bbox 195 1466 1138 1539; baseline 0.002 -15"><span class='ocrx_word' id='word_1_41' title='bbox 195 1466 392 1525; x_wconf 85' lang='lat' dir='ltr'><strong>illustrissime</strong></span> <span class='ocrx_word' id='word_1_42' title='bbox 414 1467 552 1539; x_wconf 82' lang='lat' dir='ltr'><strong>Princeps</strong></span> <span class='ocrx_word' id='word_1_43' title='bbox 574 1472 604 1522; x_wconf 88' lang='lat' dir='ltr'><strong>ct</strong></span> <span class='ocrx_word' id='word_1_44' title='bbox 624 1467 746 1524; x_wconf 84' lang='lat' dir='ltr'>Domine</span> <span class='ocrx_word' id='word_1_45' title='bbox 766 1466 889 1525; x_wconf 81' lang='lat' dir='ltr'><strong>Domine</strong></span> <span class='ocrx_word' id='word_1_46' title='bbox 912 1469 1138 1526; x_wconf 62' lang='lat' dir='ltr'><strong>(iratiosissimm</strong></span> 
     </span>
    </p>

    <p class='ocr_par' dir='ltr' id='par_1_5' title="bbox 111 1569 1262 2168">
     <span class='ocr_line' id='line_1_9' title="bbox 193 1569 1262 1645; baseline 0.003 -16"><span class='ocrx_word' id='word_1_47' title='bbox 193 1573 287 1642; x_wconf 80' lang='lat' dir='ltr'><strong>Quum</strong></span> <span class='ocrx_word' id='word_1_48' title='bbox 309 1571 426 1642; x_wconf 85' lang='lat' dir='ltr'><strong>eSpiro</strong></span> <span class='ocrx_word' id='word_1_49' title='bbox 440 1570 598 1641; x_wconf 80' lang='lat' dir='ltr'><strong>&#39;l’nbingum</strong></span> <span class='ocrx_word' id='word_1_50' title='bbox 621 1569 769 1628; x_wconf 81' lang='lat' dir='ltr'><strong>rediissem</strong></span> <span class='ocrx_word' id='word_1_51' title='bbox 792 1571 982 1643; x_wconf 79' lang='lat' dir='ltr'><strong>vidissemque</strong></span> <span class='ocrx_word' id='word_1_52' title='bbox 1003 1574 1198 1645; x_wconf 85' lang='lat' dir='ltr'><strong>pestilentium</strong></span> <span class='ocrx_word' id='word_1_53' title='bbox 1219 1577 1262 1632; x_wconf 92' lang='lat' dir='ltr'><strong>in-</strong></span> 
     </span>
     <span class='ocr_line' id='line_1_10' title="bbox 111 1674 1261 1750; baseline 0.005 -19"><span class='ocrx_word' id='word_1_54' title='bbox 111 1675 245 1746; x_wconf 74' lang='lat' dir='ltr'><strong>caluisse,</strong></span> <span class='ocrx_word' id='word_1_55' title='bbox 268 1675 393 1734; x_wconf 83' lang='lat' dir='ltr'><strong>subduxi</strong></span> <span class='ocrx_word' id='word_1_56' title='bbox 414 1692 458 1732; x_wconf 90' lang='lat' dir='ltr'><strong>me</strong></span> <span class='ocrx_word' id='word_1_57' title='bbox 481 1692 496 1732; x_wconf 92' lang='lat' dir='ltr'><strong>e</strong></span> <span class='ocrx_word' id='word_1_58' title='bbox 517 1675 646 1746; x_wconf 88' lang='lat' dir='ltr'><strong>periculo</strong></span> <span class='ocrx_word' id='word_1_59' title='bbox 668 1674 870 1745; x_wconf 81' lang='lat' dir='ltr'><strong>Reuthlingum</strong></span> <span class='ocrx_word' id='word_1_60' title='bbox 891 1677 1020 1748; x_wconf 80' lang='lat' dir='ltr'><strong>veniens,</strong></span> <span class='ocrx_word' id='word_1_61' title='bbox 1041 1696 1143 1750; x_wconf 83' lang='lat' dir='ltr'><strong>nempe</strong></span> <span class='ocrx_word' id='word_1_62' title='bbox 1164 1687 1197 1737; x_wconf 92' lang='lat' dir='ltr'><strong>nt</strong></span> <span class='ocrx_word' id='word_1_63' title='bbox 1216 1696 1261 1737; x_wconf 91' lang='lat' dir='ltr'><strong>me</strong></span> 
     </span>
     <span class='ocr_line' id='line_1_11' title="bbox 113 1779 1261 1851; baseline 0.004 -15"><span class='ocrx_word' id='word_1_64' title='bbox 113 1795 294 1838; x_wconf 80' lang='lat' dir='ltr'><strong>reservarem</strong></span> <span class='ocrx_word' id='word_1_65' title='bbox 316 1780 353 1837; x_wconf 81' lang='lat' dir='ltr'><strong>sd</strong></span> <span class='ocrx_word' id='word_1_66' title='bbox 374 1796 463 1838; x_wconf 86' lang='lat' dir='ltr'><strong>novos</strong></span> <span class='ocrx_word' id='word_1_67' title='bbox 484 1779 614 1850; x_wconf 85' lang='lat' dir='ltr'><strong>iabores,</strong></span> <span class='ocrx_word' id='word_1_68' title='bbox 643 1781 679 1838; x_wconf 83' lang='lat' dir='ltr'><strong>ud</strong></span> <span class='ocrx_word' id='word_1_69' title='bbox 702 1797 773 1851; x_wconf 61' lang='lat' dir='ltr'><strong>citios</strong></span> <span class='ocrx_word' id='word_1_70' title='bbox 793 1782 886 1838; x_wconf 88' lang='lat' dir='ltr'><strong>sentio</strong></span> <span class='ocrx_word' id='word_1_71' title='bbox 908 1799 953 1838; x_wconf 83' lang='lat' dir='ltr'><strong>nnc</strong></span> <span class='ocrx_word' id='word_1_72' title='bbox 974 1798 991 1838; x_wconf 86' lang='grc' dir='ltr'><strong>ιι</strong></span> <span class='ocrx_word' id='word_1_73' title='bbox 1013 1783 1135 1840; x_wconf 84' lang='grc' dir='ltr'>1)οιιιίιιο</span> <span class='ocrx_word' id='word_1_74' title='bbox 1156 1786 1261 1842; x_wconf 80' lang='lat' dir='ltr'><strong>noceri.</strong></span> 
     </span>
     <span class='ocr_line' id='line_1_12' title="bbox 111 1885 1261 1956; baseline 0.003 -14"><span class='ocrx_word' id='word_1_75' title='bbox 111 1887 167 1943; x_wconf 88' lang='lat' dir='ltr'><strong>llic</strong></span> <span class='ocrx_word' id='word_1_76' title='bbox 187 1894 286 1944; x_wconf 85' lang='lat' dir='ltr'><strong>autem</strong></span> <span class='ocrx_word' id='word_1_77' title='bbox 307 1886 416 1944; x_wconf 77' lang='lat' dir='ltr'><strong>tamdiu</strong></span> <span class='ocrx_word' id='word_1_78' title='bbox 437 1885 606 1956; x_wconf 85' lang='lat' dir='ltr'><strong>subsistam,</strong></span> <span class='ocrx_word' id='word_1_79' title='bbox 633 1886 699 1944; x_wconf 90' lang='lat' dir='ltr'><strong>dum</strong></span> <span class='ocrx_word' id='word_1_80' title='bbox 721 1887 822 1954; x_wconf 84' lang='lat' dir='ltr'><strong>sciero,</strong></span> <span class='ocrx_word' id='word_1_81' title='bbox 852 1888 1040 1945; x_wconf 80' lang='lat' dir='ltr'><strong>secretarium</strong></span> <span class='ocrx_word' id='word_1_82' title='bbox 1060 1888 1208 1946; x_wconf 84' lang='lat' dir='ltr'><strong>Prnssiae¹</strong></span> <span class='ocrx_word' id='word_1_83' title='bbox 1232 1891 1261 1946; x_wconf 94' lang='lat' dir='ltr'><strong>in</strong></span> 
     </span>
     <span class='ocr_line' id='line_1_13' title="bbox 112 1990 1262 2061; baseline 0.006 -15"><span class='ocrx_word' id='word_1_84' title='bbox 112 1991 249 2048; x_wconf 79' lang='lat' dir='ltr'><strong>ducatum</strong></span> <span class='ocrx_word' id='word_1_85' title='bbox 273 1990 409 2059; x_wconf 87' lang='lat' dir='ltr'><strong>rediisse;</strong></span> <span class='ocrx_word' id='word_1_86' title='bbox 433 2006 496 2046; x_wconf 86' lang='lat' dir='ltr'><strong>num</strong></span> <span class='ocrx_word' id='word_1_87' title='bbox 518 1991 678 2061; x_wconf 80' lang='lat' dir='ltr'><strong>Augustam</strong></span> <span class='ocrx_word' id='word_1_88' title='bbox 700 1992 802 2048; x_wconf 80' lang='lat' dir='ltr'><strong>iverat.</strong></span> <span class='ocrx_word' id='word_1_89' title='bbox 844 1991 961 2048; x_wconf 78' lang='lat' dir='ltr'><strong>Interea</strong></span> <span class='ocrx_word' id='word_1_90' title='bbox 986 2008 1040 2048; x_wconf 95' lang='lat' dir='ltr'><strong>non</strong></span> <span class='ocrx_word' id='word_1_91' title='bbox 1062 2009 1123 2050; x_wconf 90' lang='lat' dir='ltr'><strong>snm</strong></span> <span class='ocrx_word' id='word_1_92' title='bbox 1145 1994 1262 2055; x_wconf 82' lang='lat' dir='ltr'><strong>otiosus.</strong></span> 
     </span>
     <span class='ocr_line' id='line_1_14' title="bbox 111 2094 1261 2168; baseline 0 -16"><span class='ocrx_word' id='word_1_93' title='bbox 111 2095 164 2152; x_wconf 88' lang='lat' dir='ltr'><strong>sed</strong></span> <span class='ocrx_word' id='word_1_94' title='bbox 184 2111 256 2166; x_wconf 84' lang='lat' dir='ltr'><strong>poro</strong></span> <span class='ocrx_word' id='word_1_95' title='bbox 278 2094 409 2167; x_wconf 64' lang='lat' dir='ltr'><strong>quodum</strong></span> <span class='ocrx_word' id='word_1_96' title='bbox 431 2097 552 2168; x_wconf 81' lang='lat' dir='ltr'><strong>scripta,</strong></span> <span class='ocrx_word' id='word_1_97' title='bbox 580 2112 643 2166; x_wconf 72' lang='grc' dir='ltr'>ιμιιιι</span> <span class='ocrx_word' id='word_1_98' title='bbox 664 2094 733 2151; x_wconf 92' lang='lat' dir='ltr'><strong>mihi</strong></span> <span class='ocrx_word' id='word_1_99' title='bbox 755 2094 890 2152; x_wconf 81' lang='lat' dir='ltr'><strong>ridentur</strong></span> <span class='ocrx_word' id='word_1_100' title='bbox 911 2095 993 2152; x_wconf 83' lang='lat' dir='ltr'><strong>utilio</strong></span> <span class='ocrx_word' id='word_1_101' title='bbox 1014 2094 1111 2154; x_wconf 77' lang='lat' dir='ltr'><strong>sutilia</strong></span> <span class='ocrx_word' id='word_1_102' title='bbox 1132 2097 1261 2155; x_wconf 71' lang='lat' dir='ltr'><strong>Poioninr</strong></span> 
     </span>
    </p>
   </div>
   <div class='ocr_carea' id='block_1_5' title="bbox 112 2217 1263 2377">
    <p class='ocr_par' dir='ltr' id='par_1_6' title="bbox 112 2217 1263 2377">
     <span class='ocr_line' id='line_1_15' title="bbox 112 2217 861 2272; baseline 0.001 -15"><span class='ocrx_word' id='word_1_103' title='bbox 112 2217 213 2272; x_wconf 81' lang='lat' dir='ltr'><strong>regno.</strong></span> <span class='ocrx_word' id='word_1_104' title='bbox 857 2266 861 2271; x_wconf 51' lang='grc'><strong>,</strong></span> 
     </span>
     <span class='ocr_line' id='line_1_16' title="bbox 193 2302 1263 2377; baseline 0.003 -15"><span class='ocrx_word' id='word_1_105' title='bbox 193 2305 228 2362; x_wconf 89' lang='grc' dir='ltr'><strong>Ι).</strong></span> <span class='ocrx_word' id='word_1_106' title='bbox 251 2305 396 2377; x_wconf 83' lang='lat' dir='ltr'><strong>Gusparus</strong></span> <span class='ocrx_word' id='word_1_107' title='bbox 416 2322 434 2362; x_wconf 83' lang='lat' dir='ltr'><strong>o</strong></span> <span class='ocrx_word' id='word_1_108' title='bbox 455 2302 627 2361; x_wconf 77' lang='lat' dir='ltr'><strong>Nidbruelc¹</strong></span> <span class='ocrx_word' id='word_1_109' title='bbox 654 2303 754 2362; x_wconf 87' lang='lat' dir='ltr'><strong>scribit</strong></span> <span class='ocrx_word' id='word_1_110' title='bbox 780 2305 816 2363; x_wconf 83' lang='lat' dir='ltr'><strong>ad</strong></span> <span class='ocrx_word' id='word_1_111' title='bbox 845 2323 906 2374; x_wconf 87' lang='lat' dir='ltr'><strong>nro,</strong></span> <span class='ocrx_word' id='word_1_112' title='bbox 938 2322 1034 2377; x_wconf 79' lang='lat' dir='ltr'><strong>regem</strong></span> <span class='ocrx_word' id='word_1_113' title='bbox 1055 2306 1202 2364; x_wconf 84' lang='lat' dir='ltr'><strong>Bohemise</strong></span> <span class='ocrx_word' id='word_1_114' title='bbox 1229 2307 1263 2365; x_wconf 88' lang='lat' dir='ltr'><strong>li·</strong></span> 
     </span>
    </p>
   </div>
   <div class='ocr_carea' id='block_1_6' title="bbox 111 2410 1342 3529">
    <p class='ocr_par' dir='ltr' id='par_1_7' title="bbox 111 2410 1261 2795">
     <span class='ocr_line' id='line_1_17' title="bbox 112 2410 1261 2484; baseline 0 -16"><span class='ocrx_word' id='word_1_115' title='bbox 112 2410 216 2468; x_wconf 86' lang='lat' dir='ltr'><strong>bentcr</strong></span> <span class='ocrx_word' id='word_1_116' title='bbox 237 2410 333 2481; x_wconf 81' lang='lat' dir='ltr'><strong>legere</strong></span> <span class='ocrx_word' id='word_1_117' title='bbox 356 2426 420 2466; x_wconf 84' lang='lat' dir='ltr'><strong>meo</strong></span> <span class='ocrx_word' id='word_1_118' title='bbox 440 2410 547 2482; x_wconf 83' lang='lat' dir='ltr'><strong>scripto</strong></span> <span class='ocrx_word' id='word_1_119' title='bbox 568 2416 720 2482; x_wconf 79' lang='lat' dir='ltr'><strong>urgetque,</strong></span> <span class='ocrx_word' id='word_1_120' title='bbox 742 2416 774 2467; x_wconf 92' lang='lat' dir='ltr'><strong>ut</strong></span> <span class='ocrx_word' id='word_1_121' title='bbox 794 2427 871 2484; x_wconf 77' lang='lat' dir='ltr'><strong>stupe</strong></span> <span class='ocrx_word' id='word_1_122' title='bbox 893 2412 1017 2478; x_wconf 85' lang='lat' dir='ltr'><strong>mittam,</strong></span> <span class='ocrx_word' id='word_1_123' title='bbox 1039 2412 1127 2469; x_wconf 84' lang='lat' dir='ltr'><strong>multa</strong></span> <span class='ocrx_word' id='word_1_124' title='bbox 1146 2413 1261 2470; x_wconf 86' lang='lat' dir='ltr'><strong>interim</strong></span> 
     </span>
     <span class='ocr_line' id='line_1_18' title="bbox 111 2513 1261 2587; baseline 0.001 -16"><span class='ocrx_word' id='word_1_125' title='bbox 111 2515 273 2587; x_wconf 78' lang='lat' dir='ltr'><strong>praedicnns</strong></span> <span class='ocrx_word' id='word_1_126' title='bbox 295 2514 329 2572; x_wconf 90' lang='lat' dir='ltr'><strong>de</strong></span> <span class='ocrx_word' id='word_1_127' title='bbox 353 2521 500 2573; x_wconf 82' lang='lat' dir='ltr'><strong>crescente</strong></span> <span class='ocrx_word' id='word_1_128' title='bbox 521 2514 598 2572; x_wconf 92' lang='lat' dir='ltr'><strong>illius</strong></span> <span class='ocrx_word' id='word_1_129' title='bbox 618 2513 676 2573; x_wconf 83' lang='lat' dir='ltr'><strong>fide</strong></span> <span class='ocrx_word' id='word_1_130' title='bbox 697 2521 727 2572; x_wconf 91' lang='lat' dir='ltr'><strong>et</strong></span> <span class='ocrx_word' id='word_1_131' title='bbox 748 2516 873 2587; x_wconf 79' lang='lat' dir='ltr'><strong>pietate,</strong></span> <span class='ocrx_word' id='word_1_132' title='bbox 894 2533 983 2587; x_wconf 71' lang='lat' dir='ltr'><strong>cruore</strong></span> <span class='ocrx_word' id='word_1_133' title='bbox 1005 2517 1067 2574; x_wconf 91' lang='lat' dir='ltr'><strong>misi</strong></span> <span class='ocrx_word' id='word_1_134' title='bbox 1088 2533 1163 2573; x_wconf 92' lang='lat' dir='ltr'><strong>nuno</strong></span> <span class='ocrx_word' id='word_1_135' title='bbox 1183 2524 1261 2574; x_wconf 83' lang='lat' dir='ltr'><strong>coto·</strong></span> 
     </span>
     <span class='ocr_line' id='line_1_19' title="bbox 112 2619 1259 2692; baseline 0.001 -17"><span class='ocrx_word' id='word_1_136' title='bbox 112 2619 235 2691; x_wconf 81' lang='lat' dir='ltr'><strong>lognm⁸</strong></span> <span class='ocrx_word' id='word_1_137' title='bbox 255 2637 319 2677; x_wconf 82' lang='lat' dir='ltr'><strong>cuni</strong></span> <span class='ocrx_word' id='word_1_138' title='bbox 340 2619 588 2690; x_wconf 78' lang='lat' dir='ltr'><strong>annotationibus,</strong></span> <span class='ocrx_word' id='word_1_139' title='bbox 618 2625 649 2676; x_wconf 89' lang='lat' dir='ltr'><strong>ut</strong></span> <span class='ocrx_word' id='word_1_140' title='bbox 671 2619 768 2677; x_wconf 87' lang='lat' dir='ltr'><strong>vident</strong></span> <span class='ocrx_word' id='word_1_141' title='bbox 788 2621 934 2692; x_wconf 81' lang='lat' dir='ltr'><strong>ingentem</strong></span> <span class='ocrx_word' id='word_1_142' title='bbox 963 2634 1111 2677; x_wconf 88' lang='lat' dir='ltr'><strong>numerum</strong></span> <span class='ocrx_word' id='word_1_143' title='bbox 1137 2621 1259 2678; x_wconf 89' lang='lat' dir='ltr'><strong>militnm</strong></span> 
     </span>
     <span class='ocr_line' id='line_1_20' title="bbox 112 2703 837 2795; baseline 0.007 -17"><span class='ocrx_word' id='word_1_144' title='bbox 112 2725 186 2783; x_wconf 86' lang='lat' dir='ltr'><strong>Josu</strong></span> <span class='ocrx_word' id='word_1_145' title='bbox 209 2723 326 2792; x_wconf 84' lang='lat' dir='ltr'><strong>Christi,</strong></span> <span class='ocrx_word' id='word_1_146' title='bbox 348 2729 407 2781; x_wconf 91' lang='lat' dir='ltr'><strong>tum</strong></span> <span class='ocrx_word' id='word_1_147' title='bbox 428 2724 501 2781; x_wconf 85' lang='lat' dir='ltr'><strong>alios</strong></span> <span class='ocrx_word' id='word_1_148' title='bbox 522 2703 636 2795; x_wconf 88' lang='lat' dir='ltr'><strong>quoqne</strong></span> <span class='ocrx_word' id='word_1_149' title='bbox 656 2723 744 2782; x_wconf 86' lang='lat' dir='ltr'><strong>libros</strong></span> <span class='ocrx_word' id='word_1_150' title='bbox 765 2725 837 2783; x_wconf 89' lang='lat' dir='ltr'><strong>misi.</strong></span> 
     </span>
    </p>

    <p class='ocr_par' dir='ltr' id='par_1_8' title="bbox 112 2827 1342 3529">
     <span class='ocr_line' id='line_1_21' title="bbox 197 2827 1263 2902; baseline 0.001 -17"><span class='ocrx_word' id='word_1_151' title='bbox 197 2829 393 2887; x_wconf 80' lang='lat' dir='ltr'><strong>illustrissime</strong></span> <span class='ocrx_word' id='word_1_152' title='bbox 408 2827 560 2899; x_wconf 79' lang='lat' dir='ltr'><strong>Princeps!</strong></span> <span class='ocrx_word' id='word_1_153' title='bbox 588 2829 665 2886; x_wconf 85' lang='lat' dir='ltr'><strong>Ante</strong></span> <span class='ocrx_word' id='word_1_154' title='bbox 678 2845 772 2887; x_wconf 89' lang='lat' dir='ltr'><strong>meum</strong></span> <span class='ocrx_word' id='word_1_155' title='bbox 788 2828 943 2887; x_wconf 89' lang='lat' dir='ltr'><strong>discessum</strong></span> <span class='ocrx_word' id='word_1_156' title='bbox 959 2828 1015 2886; x_wconf 90' lang='lat' dir='ltr'><strong>duo</strong></span> <span class='ocrx_word' id='word_1_157' title='bbox 1031 2827 1114 2902; x_wconf 88' lang='lat' dir='ltr'><strong>cupio</strong></span> <span class='ocrx_word' id='word_1_158' title='bbox 1128 2829 1263 2886; x_wconf 70' lang='lat' dir='ltr'><strong>svestra</strong></span> 
     </span>
     <span class='ocr_line' id='line_1_22' title="bbox 112 2932 1263 3007; baseline -0.002 -17"><span class='ocrx_word' id='word_1_159' title='bbox 112 2933 433 3007; x_wconf 78' lang='lat' dir='ltr'><strong>pietateocclementia</strong></span> <span class='ocrx_word' id='word_1_160' title='bbox 453 2932 618 3004; x_wconf 79' lang='lat' dir='ltr'><strong>impetrare,</strong></span> <span class='ocrx_word' id='word_1_161' title='bbox 640 2932 763 2990; x_wconf 81' lang='lat' dir='ltr'><strong>alterum</strong></span> <span class='ocrx_word' id='word_1_162' title='bbox 785 2938 837 3003; x_wconf 87' lang='lat' dir='ltr'><strong>est,</strong></span> <span class='ocrx_word' id='word_1_163' title='bbox 859 2938 890 2990; x_wconf 89' lang='lat' dir='ltr'><strong>ut</strong></span> <span class='ocrx_word' id='word_1_164' title='bbox 912 2932 988 3005; x_wconf 86' lang='lat' dir='ltr'><strong>quod</strong></span> <span class='ocrx_word' id='word_1_165' title='bbox 1009 2932 1101 3005; x_wconf 77' lang='lat' dir='ltr'><strong>spiro</strong></span> <span class='ocrx_word' id='word_1_166' title='bbox 1122 2932 1211 3006; x_wconf 84' lang='lat' dir='ltr'><strong>petivi</strong></span> <span class='ocrx_word' id='word_1_167' title='bbox 1233 2938 1263 2989; x_wconf 88' lang='lat' dir='ltr'><strong>et</strong></span> 
     </span>
     <span class='ocr_line' id='line_1_23' title="bbox 114 3035 1262 3108; baseline -0.001 -12"><span class='ocrx_word' id='word_1_168' title='bbox 114 3037 264 3097; x_wconf 82' lang='lat' dir='ltr'><strong>Celsitudo</strong></span> <span class='ocrx_word' id='word_1_169' title='bbox 286 3038 390 3095; x_wconf 77' lang='lat' dir='ltr'><strong>Vestro</strong></span> <span class='ocrx_word' id='word_1_170' title='bbox 410 3038 470 3094; x_wconf 82' lang='lat' dir='ltr'><strong>risa</strong></span> <span class='ocrx_word' id='word_1_171' title='bbox 490 3043 535 3094; x_wconf 91' lang='lat' dir='ltr'><strong>est</strong></span> <span class='ocrx_word' id='word_1_172' title='bbox 555 3037 710 3094; x_wconf 89' lang='lat' dir='ltr'><strong>clementer</strong></span> <span class='ocrx_word' id='word_1_173' title='bbox 730 3052 873 3108; x_wconf 76' lang='lat' dir='ltr'><strong>annuere,</strong></span> <span class='ocrx_word' id='word_1_174' title='bbox 892 3035 996 3107; x_wconf 85' lang='lat' dir='ltr'><strong>jubeat</strong></span> <span class='ocrx_word' id='word_1_175' title='bbox 1016 3036 1085 3094; x_wconf 91' lang='lat' dir='ltr'><strong>mihi</strong></span> <span class='ocrx_word' id='word_1_176' title='bbox 1106 3035 1168 3094; x_wconf 85' lang='lat' dir='ltr'><strong>dari</strong></span> <span class='ocrx_word' id='word_1_177' title='bbox 1191 3037 1262 3095; x_wconf 84' lang='lat' dir='ltr'><strong>dnos</strong></span> 
     </span>
     <span class='ocr_line' id='line_1_24' title="bbox 113 3141 1264 3214; baseline 0 -14"><span class='ocrx_word' id='word_1_178' title='bbox 113 3143 274 3200; x_wconf 89' lang='lat' dir='ltr'><strong>mediocres</strong></span> <span class='ocrx_word' id='word_1_179' title='bbox 296 3158 400 3214; x_wconf 75' lang='lat' dir='ltr'><strong>enisos,</strong></span> <span class='ocrx_word' id='word_1_180' title='bbox 429 3157 500 3213; x_wconf 78' lang='lat' dir='ltr'><strong>quos</strong></span> <span class='ocrx_word' id='word_1_181' title='bbox 520 3157 604 3213; x_wconf 84' lang='lat' dir='ltr'><strong>spero</strong></span> <span class='ocrx_word' id='word_1_182' title='bbox 631 3158 675 3199; x_wconf 90' lang='lat' dir='ltr'><strong>me</strong></span> <span class='ocrx_word' id='word_1_183' title='bbox 704 3141 889 3199; x_wconf 88' lang='lat' dir='ltr'><strong>reducturum</strong></span> <span class='ocrx_word' id='word_1_184' title='bbox 912 3141 949 3214; x_wconf 82' lang='lat' dir='ltr'><strong>(si</strong></span> <span class='ocrx_word' id='word_1_185' title='bbox 971 3141 1109 3199; x_wconf 88' lang='lat' dir='ltr'><strong>Dominus</strong></span> <span class='ocrx_word' id='word_1_186' title='bbox 1131 3142 1264 3209; x_wconf 84' lang='lat' dir='ltr'><strong>voluerit,</strong></span> 
     </span>
     <span class='ocr_line' id='line_1_25' title="bbox 114 3245 1342 3322; baseline -0.002 -17"><span class='ocrx_word' id='word_1_187' title='bbox 114 3255 147 3305; x_wconf 90' lang='lat' dir='ltr'><strong>ut</strong></span> <span class='ocrx_word' id='word_1_188' title='bbox 168 3248 275 3320; x_wconf 88' lang='lat' dir='ltr'><strong>possim</strong></span> <span class='ocrx_word' id='word_1_189' title='bbox 296 3264 350 3318; x_wconf 80' lang='lat' dir='ltr'><strong>ego</strong></span> <span class='ocrx_word' id='word_1_190' title='bbox 371 3248 465 3304; x_wconf 85' lang='lat' dir='ltr'><strong>solvus</strong></span> <span class='ocrx_word' id='word_1_191' title='bbox 481 3245 585 3314; x_wconf 83' lang='lat' dir='ltr'><strong>redire,</strong></span> <span class='ocrx_word' id='word_1_192' title='bbox 607 3247 761 3322; x_wconf 72' lang='lat' dir='ltr'><strong>nesporo).</strong></span> <span class='ocrx_word' id='word_1_193' title='bbox 789 3246 922 3304; x_wconf 87' lang='lat' dir='ltr'><strong>Alterum</strong></span> <span class='ocrx_word' id='word_1_194' title='bbox 939 3253 983 3304; x_wconf 90' lang='lat' dir='ltr'><strong>est</strong></span> <span class='ocrx_word' id='word_1_195' title='bbox 998 3246 1265 3304; x_wconf 84' lang='lat' dir='ltr'><strong>milrivelrementer</strong></span> <span class='ocrx_word' id='word_1_196' title='bbox 1334 3273 1342 3322; x_wconf 69' lang='grc' dir='ltr'><strong>χ</strong></span> 
     </span>
     <span class='ocr_line' id='line_1_26' title="bbox 114 3349 1265 3424; baseline 0.001 -15"><span class='ocrx_word' id='word_1_197' title='bbox 114 3351 211 3423; x_wconf 88' lang='lat' dir='ltr'><strong>cordi,</strong></span> <span class='ocrx_word' id='word_1_198' title='bbox 239 3351 316 3424; x_wconf 67' lang='lat' dir='ltr'><strong>«ruod</strong></span> <span class='ocrx_word' id='word_1_199' title='bbox 338 3359 382 3408; x_wconf 88' lang='lat' dir='ltr'><strong>est</strong></span> <span class='ocrx_word' id='word_1_200' title='bbox 403 3350 576 3422; x_wconf 91' lang='lat' dir='ltr'><strong>hujusmodi.</strong></span> <span class='ocrx_word' id='word_1_201' title='bbox 618 3350 745 3408; x_wconf 87' lang='lat' dir='ltr'><strong>Veneti⁴</strong></span> <span class='ocrx_word' id='word_1_202' title='bbox 770 3349 968 3407; x_wconf 86' lang='lat' dir='ltr'><strong>crudelissime</strong></span> <span class='ocrx_word' id='word_1_203' title='bbox 996 3350 1118 3408; x_wconf 79' lang='lat' dir='ltr'><strong>soerinnt</strong></span> <span class='ocrx_word' id='word_1_204' title='bbox 1147 3352 1174 3408; x_wconf 89' lang='lat' dir='ltr'><strong>in</strong></span> <span class='ocrx_word' id='word_1_205' title='bbox 1203 3358 1265 3410; x_wconf 88' lang='lat' dir='ltr'><strong>toto</strong></span> 
     </span>
     <span class='ocr_line' id='line_1_27' title="bbox 116 3456 1265 3529; baseline -0.002 -15"><span class='ocrx_word' id='word_1_206' title='bbox 116 3473 215 3514; x_wconf 84' lang='lat' dir='ltr'><strong>eorum</strong></span> <span class='ocrx_word' id='word_1_207' title='bbox 237 3457 364 3514; x_wconf 92' lang='lat' dir='ltr'><strong>dominio</strong></span> <span class='ocrx_word' id='word_1_208' title='bbox 384 3472 418 3514; x_wconf 85' lang='lat' dir='ltr'><strong>ac</strong></span> <span class='ocrx_word' id='word_1_209' title='bbox 438 3457 599 3528; x_wconf 82' lang='lat' dir='ltr'><strong>praeserlim</strong></span> <span class='ocrx_word' id='word_1_210' title='bbox 621 3458 649 3512; x_wconf 92' lang='lat' dir='ltr'><strong>in</strong></span> <span class='ocrx_word' id='word_1_211' title='bbox 671 3473 735 3513; x_wconf 73' lang='lat' dir='ltr'><strong>mco</strong></span> <span class='ocrx_word' id='word_1_212' title='bbox 754 3456 851 3527; x_wconf 81' lang='lat' dir='ltr'><strong>petria</strong></span> <span class='ocrx_word' id='word_1_213' title='bbox 871 3460 973 3512; x_wconf 85' lang='lat' dir='ltr'><strong>contra</strong></span> <span class='ocrx_word' id='word_1_214' title='bbox 991 3456 1170 3529; x_wconf 79' lang='lat' dir='ltr'><strong>evangelium</strong></span> <span class='ocrx_word' id='word_1_215' title='bbox 1192 3472 1265 3529; x_wconf 75' lang='lat' dir='ltr'><strong>prse-</strong></span> 
     </span>
    </p>
   </div>
   <div class='ocr_carea' id='block_1_7' title="bbox 115 3560 1265 3713">
    <p class='ocr_par' dir='ltr' id='par_1_9' title="bbox 115 3560 1265 3713">
     <span class='ocr_line' id='line_1_28' title="bbox 115 3560 1265 3634; baseline 0 -16"><span class='ocrx_word' id='word_1_216' title='bbox 115 3562 200 3634; x_wconf 84' lang='lat' dir='ltr'><strong>cipne</strong></span> <span class='ocrx_word' id='word_1_217' title='bbox 222 3567 323 3617; x_wconf 87' lang='lat' dir='ltr'><strong>contro</strong></span> <span class='ocrx_word' id='word_1_218' title='bbox 344 3576 422 3617; x_wconf 89' lang='lat' dir='ltr'><strong>meos</strong></span> <span class='ocrx_word' id='word_1_219' title='bbox 444 3568 590 3632; x_wconf 82' lang='lat' dir='ltr'><strong>cognatos,</strong></span> <span class='ocrx_word' id='word_1_220' title='bbox 613 3576 733 3631; x_wconf 88' lang='lat' dir='ltr'><strong>quornm</strong></span> <span class='ocrx_word' id='word_1_221' title='bbox 755 3575 805 3616; x_wconf 84' lang='lat' dir='ltr'><strong>sex</strong></span> <span class='ocrx_word' id='word_1_222' title='bbox 825 3560 917 3617; x_wconf 82' lang='lat' dir='ltr'><strong>coacti</strong></span> <span class='ocrx_word' id='word_1_223' title='bbox 939 3564 1022 3626; x_wconf 91' lang='lat' dir='ltr'><strong>sunt,</strong></span> <span class='ocrx_word' id='word_1_224' title='bbox 1050 3576 1107 3616; x_wconf 90' lang='lat' dir='ltr'><strong>nno</strong></span> <span class='ocrx_word' id='word_1_225' title='bbox 1128 3560 1175 3617; x_wconf 89' lang='lat' dir='ltr'><strong>die</strong></span> <span class='ocrx_word' id='word_1_226' title='bbox 1197 3561 1265 3618; x_wconf 88' lang='lat' dir='ltr'><strong>Ter·</strong></span> 
     </span>
     <span class='ocr_line' id='line_1_29' title="bbox 684 3681 698 3713; baseline 0 0"><span class='ocrx_word' id='word_1_227' title='bbox 684 3681 698 3713; x_wconf 65' lang='lat' dir='ltr'><strong>i&lt;</strong></span> 
     </span>
    </p>
   </div>
   <div class='ocr_carea' id='block_1_8' title="bbox 118 3775 1265 4373">
    <p class='ocr_par' dir='ltr' id='par_1_10' title="bbox 191 3775 903 3841">
     <span class='ocr_line' id='line_1_30' title="bbox 191 3775 903 3841; baseline -0.001 -11"><span class='ocrx_word' id='word_1_228' title='bbox 191 3780 201 3830; x_wconf 94' lang='lat' dir='ltr'><strong>l</strong></span> <span class='ocrx_word' id='word_1_229' title='bbox 224 3779 278 3832; x_wconf 88' lang='lat' dir='ltr'><strong>Der</strong></span> <span class='ocrx_word' id='word_1_230' title='bbox 297 3777 423 3832; x_wconf 73' lang='lat' dir='ltr'><strong>soleretis</strong></span> <span class='ocrx_word' id='word_1_231' title='bbox 441 3776 507 3832; x_wconf 83' lang='lat' dir='ltr'><strong>hieil</strong></span> <span class='ocrx_word' id='word_1_232' title='bbox 526 3776 694 3841; x_wconf 81' lang='lat' dir='ltr'><strong>Timotheus,</strong></span> <span class='ocrx_word' id='word_1_233' title='bbox 714 3795 735 3831; x_wconf 85' lang='lat' dir='ltr'><strong>s.</strong></span> <span class='ocrx_word' id='word_1_234' title='bbox 755 3775 794 3830; x_wconf 89' lang='lat' dir='ltr'><strong>br.</strong></span> <span class='ocrx_word' id='word_1_235' title='bbox 814 3794 841 3829; x_wconf 88' lang='grc' dir='ltr'><strong>ιι.</strong></span> <span class='ocrx_word' id='word_1_236' title='bbox 860 3777 903 3830; x_wconf 84' lang='grc'><strong>45.</strong></span> 
     </span>
    </p>

    <p class='ocr_par' dir='ltr' id='par_1_11' title="bbox 118 3862 1264 4025">
     <span class='ocr_line' id='line_1_31' title="bbox 186 3862 1264 3936; baseline -0.005 -16"><span class='ocrx_word' id='word_1_237' title='bbox 186 3869 202 3920; x_wconf 84' lang='lat'>2</span> <span class='ocrx_word' id='word_1_238' title='bbox 222 3867 328 3935; x_wconf 81' lang='lat' dir='ltr'><strong>Cusper</strong></span> <span class='ocrx_word' id='word_1_239' title='bbox 347 3885 373 3920; x_wconf 76' lang='lat' dir='ltr'><strong>v.</strong></span> <span class='ocrx_word' id='word_1_240' title='bbox 387 3865 533 3920; x_wconf 87' lang='lat' dir='ltr'><strong>Nidbrnck</strong></span> <span class='ocrx_word' id='word_1_241' title='bbox 551 3865 591 3920; x_wconf 88' lang='lat' dir='ltr'><strong>dr.</strong></span> <span class='ocrx_word' id='word_1_242' title='bbox 607 3866 670 3936; x_wconf 77' lang='lat' dir='ltr'><strong>jun,</strong></span> <span class='ocrx_word' id='word_1_243' title='bbox 691 3863 881 3919; x_wconf 79' lang='lat' dir='ltr'><strong>Maximiliuns</strong></span> <span class='ocrx_word' id='word_1_244' title='bbox 895 3863 922 3918; x_wconf 87' lang='grc' dir='ltr'><strong>ΙΙ</strong></span> <span class='ocrx_word' id='word_1_245' title='bbox 941 3866 1098 3919; x_wconf 81' lang='lat' dir='ltr'><strong>vertruuter</strong></span> <span class='ocrx_word' id='word_1_246' title='bbox 1117 3863 1189 3927; x_wconf 83' lang='lat' dir='ltr'><strong>ruth,</strong></span> <span class='ocrx_word' id='word_1_247' title='bbox 1209 3862 1264 3918; x_wconf 87' lang='lat' dir='ltr'><strong>viel</strong></span> 
     </span>
     <span class='ocr_line' id='line_1_32' title="bbox 118 3951 1118 4025; baseline -0.005 -16"><span class='ocrx_word' id='word_1_248' title='bbox 118 3955 281 4012; x_wconf 75' lang='lat' dir='ltr'><strong>vermendet</strong></span> <span class='ocrx_word' id='word_1_249' title='bbox 300 3973 334 4008; x_wconf 86' lang='lat' dir='ltr'><strong>zu</strong></span> <span class='ocrx_word' id='word_1_250' title='bbox 353 3952 590 4024; x_wconf 80' lang='lat' dir='ltr'><strong>diplomatischen</strong></span> <span class='ocrx_word' id='word_1_251' title='bbox 610 3953 849 4025; x_wconf 75' lang='lat' dir='ltr'><strong>verhondlungem</strong></span> <span class='ocrx_word' id='word_1_252' title='bbox 868 3971 888 4006; x_wconf 86' lang='lat' dir='ltr'><strong>s.</strong></span> <span class='ocrx_word' id='word_1_253' title='bbox 907 3952 1010 4008; x_wconf 84' lang='lat' dir='ltr'><strong>hebrei</strong></span> <span class='ocrx_word' id='word_1_254' title='bbox 1028 3951 1073 4015; x_wconf 87' lang='lat' dir='ltr'><strong>lX,</strong></span> <span class='ocrx_word' id='word_1_255' title='bbox 1098 3953 1118 4005; x_wconf 89' lang='lat'><strong>1.</strong></span> 
     </span>
    </p>

    <p class='ocr_par' dir='ltr' id='par_1_12' title="bbox 118 4036 1264 4274">
     <span class='ocr_line' id='line_1_33' title="bbox 184 4036 1263 4110; baseline -0.006 -12"><span class='ocrx_word' id='word_1_256' title='bbox 184 4047 201 4098; x_wconf 83' lang='lat'>3</span> <span class='ocrx_word' id='word_1_257' title='bbox 232 4045 289 4099; x_wconf 85' lang='lat' dir='ltr'><strong>Der·</strong></span> <span class='ocrx_word' id='word_1_258' title='bbox 317 4042 393 4098; x_wconf 81' lang='lat' dir='ltr'><strong>titel:</strong></span> <span class='ocrx_word' id='word_1_259' title='bbox 439 4041 590 4110; x_wconf 80' lang='lat' dir='ltr'><strong>Catelogns</strong></span> <span class='ocrx_word' id='word_1_260' title='bbox 616 4040 809 4097; x_wconf 69' lang='lat' dir='ltr'><strong>hereticorum</strong></span> <span class='ocrx_word' id='word_1_261' title='bbox 837 4041 872 4095; x_wconf 92' lang='lat' dir='ltr'><strong>de</strong></span> <span class='ocrx_word' id='word_1_262' title='bbox 897 4038 1089 4095; x_wconf 87' lang='lat' dir='ltr'><strong>commissione</strong></span> <span class='ocrx_word' id='word_1_263' title='bbox 1113 4036 1263 4092; x_wconf 77' lang='lat' dir='ltr'><strong>tribunalis</strong></span> 
     </span>
     <span class='ocr_line' id='line_1_34' title="bbox 118 4123 1264 4198; baseline -0.008 -12"><span class='ocrx_word' id='word_1_264' title='bbox 118 4131 298 4186; x_wconf 67' lang='lat' dir='ltr'><strong>sanctissime</strong></span> <span class='ocrx_word' id='word_1_265' title='bbox 316 4128 520 4198; x_wconf 87' lang='lat' dir='ltr'><strong>inquisitionis;</strong></span> <span class='ocrx_word' id='word_1_266' title='bbox 539 4146 601 4183; x_wconf 89' lang='lat' dir='ltr'><strong>cum</strong></span> <span class='ocrx_word' id='word_1_267' title='bbox 614 4126 844 4183; x_wconf 79' lang='lat' dir='ltr'><strong>annotationibus</strong></span> <span class='ocrx_word' id='word_1_268' title='bbox 856 4125 1013 4180; x_wconf 79' lang='lat' dir='ltr'><strong>Athanasii.</strong></span> <span class='ocrx_word' id='word_1_269' title='bbox 1042 4124 1117 4177; x_wconf 75' lang='lat'>1556.</span> <span class='ocrx_word' id='word_1_270' title='bbox 1136 4141 1156 4174; x_wconf 88' lang='lat' dir='ltr'><strong>s.</strong></span> <span class='ocrx_word' id='word_1_271' title='bbox 1170 4123 1264 4192; x_wconf 81' lang='lat' dir='ltr'><strong>Sernp.</strong></span> 
     </span>
     <span class='ocr_line' id='line_1_35' title="bbox 118 4221 307 4274; baseline 0.005 -3"><span class='ocrx_word' id='word_1_272' title='bbox 118 4240 136 4271; x_wconf 89' lang='lat' dir='ltr'><strong>s.</strong></span> <span class='ocrx_word' id='word_1_273' title='bbox 156 4222 197 4274; x_wconf 85' lang='lat'><strong>85.</strong></span> <span class='ocrx_word' id='word_1_274' title='bbox 217 4237 244 4272; x_wconf 87' lang='lat' dir='ltr'><strong>n.</strong></span> <span class='ocrx_word' id='word_1_275' title='bbox 265 4221 307 4273; x_wconf 85' lang='grc'><strong>73.</strong></span> 
     </span>
    </p>

    <p class='ocr_par' dir='ltr' id='par_1_13' title="bbox 185 4293 1265 4373">
     <span class='ocr_line' id='line_1_36' title="bbox 185 4293 1265 4373; baseline -0.009 -12"><span class='ocrx_word' id='word_1_276' title='bbox 185 4311 201 4361; x_wconf 82' lang='grc'><strong>4</strong></span> <span class='ocrx_word' id='word_1_277' title='bbox 223 4293 298 4360; x_wconf 67' lang='lat' dir='ltr'><strong>Uber</strong></span> <span class='ocrx_word' id='word_1_278' title='bbox 317 4304 363 4358; x_wconf 93' lang='lat' dir='ltr'><strong>die</strong></span> <span class='ocrx_word' id='word_1_279' title='bbox 382 4305 565 4360; x_wconf 78' lang='lat' dir='ltr'><strong>verhdltnisse</strong></span> <span class='ocrx_word' id='word_1_280' title='bbox 589 4305 638 4359; x_wconf 87' lang='lat' dir='ltr'><strong>der</strong></span> <span class='ocrx_word' id='word_1_281' title='bbox 663 4304 858 4373; x_wconf 81' lang='lat' dir='ltr'><strong>protestanien</strong></span> <span class='ocrx_word' id='word_1_282' title='bbox 876 4302 906 4355; x_wconf 89' lang='lat' dir='ltr'><strong>in</strong></span> <span class='ocrx_word' id='word_1_283' title='bbox 925 4296 1056 4366; x_wconf 80' lang='lat' dir='ltr'><strong>Venedig</strong></span> <span class='ocrx_word' id='word_1_284' title='bbox 1075 4315 1095 4351; x_wconf 89' lang='lat' dir='ltr'><strong>s.</strong></span> <span class='ocrx_word' id='word_1_285' title='bbox 1115 4315 1141 4353; x_wconf 91' lang='lat' dir='ltr'><strong>n.</strong></span> <span class='ocrx_word' id='word_1_286' title='bbox 1164 4300 1204 4352; x_wconf 79' lang='lat'><strong>17.</strong></span> <span class='ocrx_word' id='word_1_287' title='bbox 1223 4301 1265 4351; x_wconf 81' lang='lat' dir='ltr'><strong>llo&#39;.</strong></span> 
     </span>
    </p>
   </div>
   <div class='ocr_carea' id='block_1_9' title="bbox 0 0 1393 4740">
    <p class='ocr_par' dir='ltr' id='par_1_14' title="bbox 0 0 1393 4740">
     <span class='ocr_line' id='line_1_37' title="bbox 0 0 1393 4740; baseline 0 0"><span class='ocrx_word' id='word_1_288' title='bbox 0 0 1393 4740; x_wconf 95' lang='lat' dir='ltr'><strong> </strong></span> 
     </span>
    </p>
   </div>
  </div>
 </body>
</html>
