2768 4740
119 269 188 326 1565
663 270 725 333 041

115 447 165 518 sit,
187 443 265 520 quod
284 458 338 517 per
358 443 497 514 pietatem
519 408 652 500 Vestrum
671 439 897 501 lllustriesimsm
919 438 1064 513 suppliest
1083 453 1137 513 per
1159 437 1270 498 uiseom

116 549 175 609 Dei
197 549 299 609 nostri.

194 652 336 727 Tublngss
356 651 403 710 die
425 650 466 708 Xl
488 648 598 724 Aprilis
618 648 767 708 MDva.

347 755 550 815 Illustrissimse
572 754 760 815 celsitudinis
782 754 894 814 vestre
916 754 1040 815 servitor

1025 854 1190 931 vergerins.

659 1120 725 1178 225.

421 1252 544 1338 Verger
567 1273 609 1317 sn
632 1252 751 1338 herzog
774 1251 960 1338 christoph.

492 1383 642 1458 Tubingen
665 1387 702 1443 14
722 1384 782 1444 Jnli
806 1386 890 1442 1565.

187 1504 283 1559 Dunkt
301 1504 363 1560 dem
383 1503 487 1572 herzog
505 1502 549 1556 illu·
568 1502 643 1558 seins
663 1502 822 1558 rielfuohen
843 1504 1167 1577 gnudenbereugungen.

196 1601 391 1660 Illustrissime
414 1600 553 1674 Princeps
574 1606 604 1658 et
624 1599 748 1659 Domine
770 1601 893 1661 Domine
915 1603 1161 1663 Clementissime!

196 1706 267 1763 Cum
292 1722 385 1778 nuper
404 1705 610 1763 lllustrissimee
631 1704 819 1765 celsitudinis
839 1709 952 1767 l'estrso
981 1709 1091 1767 unlious
1117 1708 1266 1768 concione·

115 1811 184 1870 tor¹
206 1810 282 1884 apud
310 1826 355 1868 me
384 1817 475 1881 esset,
502 1809 705 1869 Illustrissimns
727 1810 913 1871 celsitudinis
934 1813 1047 1871 Vestrae
1067 1828 1176 1871 summe
1197 1828 1267 1886 erge

114 1934 160 1974 rne
183 1916 336 1975 clementis
357 1915 494 1974 iudicavit
520 1913 747 1988 affirmauitque,
775 1916 971 1975 lllustrissime
991 1916 1139 1976 celsitudo
1161 1916 1267 1978 Vestrs

114 2022 192 2080 rioes
213 2036 291 2079 mens
312 2020 413 2080 dolere
433 2025 593 2094 pnrntsqne
614 2035 677 2078 esso
698 2021 727 2078 in
749 2019 970 2081 necessitatibus
984 2019 1137 2080 meiemihi
1151 2038 1266 2081 suoour·

68 2202 70 2206 Ι
112 2141 189 2184 rere.
231 2123 340 2198 Quibus
362 2124 469 2184 auditis
491 2123 619 2201 (etiamsi
639 2125 726 2183 uliter
752 2123 788 2184 de
815 2126 925 2200 pietate
946 2123 1133 2186 Celsitndinis
1153 2126 1266 2186 Vestrae

113 2231 320 2291 Illustrissimae
341 2247 485 2305 nunquam
506 2247 590 2289 secus
610 2229 797 2305 crediderim)
825 2231 868 2288 its
893 2230 1005 2304 magnis
1025 2230 1267 2292 sollicitudinibus

113 2336 231 2411 (quibus
250 2335 280 2394 in
300 2335 387 2410 longo
408 2336 462 2394 hoo
481 2351 545 2393 meo
567 2333 667 2393 morbo
688 2334 813 2412 crucior)
842 2352 903 2395 sum
932 2336 1116 2409 sublevatus,
1148 2344 1179 2396 ut
1206 2353 1265 2396 mn·

109 2441 206 2514 jorem
227 2439 319 2500 morbi
339 2447 452 2513 purtem
472 2455 624 2514 superesse
646 2439 713 2497 mibi
735 2438 845 2498 videar.
887 2442 949 2512 ugo
971 2440 1034 2500 Deo
1062 2457 1126 2500 meo
1146 2442 1265 2516 matins.

114 2543 193 2621 quod
213 2544 283 2603 mihi
303 2544 380 2620 npud
401 2550 459 2604 torn
481 2545 560 2618 pium
581 2549 612 2603 et
632 2545 805 2604 elementem
826 2545 984 2619 prinoipem
997 2544 1066 2604 vitre
1086 2562 1158 2605 mese
1179 2544 1265 2606 finem

113 2667 178 2709 esse
199 2649 277 2721 velit,
298 2654 328 2708 et
342 2650 405 2723 ejns
420 2647 631 2709 celsitudinem
645 2648 774 2723 incipero
794 2650 863 2708 mihi
885 2651 992 2710 misero
1003 2651 1032 2708 in
1044 2651 1265 2711 necessitutibus

115 2756 186 2816 meis
205 2770 387 2827 snoonrrere;
420 2755 486 2815 hino
506 2757 582 2814 enim
605 2763 727 2830 apparet
747 2764 885 2829 paternus
906 2757 963 2817 Dei
992 2773 1073 2817 emor
1099 2773 1169 2832 erga
1189 2773 1265 2826 suos,

114 2867 147 2919 ut
175 2861 262 2920 etism
288 2859 318 2918 in
348 2861 510 2935 peregrinis
537 2860 608 2920 locis
634 2860 765 2920 omnibus
796 2862 855 2921 suis
883 2861 965 2921 bonis
989 2863 1095 2936 privati
1121 2861 1265 2936 prinsipes

113 2964 152 3024 sd
181 2964 245 3023 illos
276 2963 468 3039 sublevandos
499 2965 654 3025 invenient.
696 2964 910 3025 constituerem
932 2966 1061 3041 quidem,
1092 2964 1264 3026 Celsitudini

115 3069 226 3128 Vestroe
247 3068 451 3129 lllustrissimm
473 3070 550 3128 nolle
571 3087 635 3129 esse
656 3070 807 3143 molestus,
828 3086 926 3130 verum
947 3072 1113 3143 necessitas,
1135 3088 1199 3146 quoe
1221 3078 1266 3132 est

113 3190 231 3244 summe,
251 3189 298 3233 me
318 3176 396 3250 cogit
417 3182 447 3234 et
467 3173 655 3234 celsitudinis
676 3176 789 3234 Vestrae
810 3192 920 3235 summu
940 3175 1094 3236 clementis
1114 3174 1184 3234 mihi
1203 3177 1265 3236 sui·

62 3315 64 3319 -
112 3276 289 3350 meminerit,
311 3285 342 3337 ut
362 3277 399 3337 nd
420 3279 648 3338 Illustrissimem
669 3279 877 3340 Celsitudiuem
899 3281 1032 3341 Vestram
1060 3295 1206 3340 soonrrem
1235 3291 1265 3342 et

111 3382 192 3442 illem
212 3390 382 3443 reverenter
402 3400 511 3459 rogem,
534 3401 569 3444 ne
591 3402 636 3444 me
657 3385 823 3458 propediem
846 3401 883 3444 ex
903 3384 956 3445 hoo
975 3386 1081 3445 misero
1101 3386 1265 3445 montelium

112 3487 173 3547 sits
193 3487 384 3548 discessurum
407 3488 536 3563 deserst;
558 3489 618 3549 soio
639 3488 715 3548 enirn
736 3489 907 3564 propediem
921 3490 959 3549 ud
971 3496 1191 3564 patremmeum
1207 3506 1264 3550 noe·

112 3591 217 3651 lestem
238 3592 306 3651 mibi
327 3591 575 3666 proficiscendum.
608 3593 728 3653 Interim
750 3594 816 3652 dum
838 3594 936 3653 veniet
955 3594 1035 3664 horn,
1056 3593 1144 3654 rebus
1164 3611 1264 3656 neees-

112 3695 197 3755 snriis
219 3712 290 3768 opus
310 3694 412 3769 babeo,
434 3713 505 3771 quus
524 3697 641 3758 aliunde
662 3703 763 3773 petere
786 3699 893 3770 nescio,
914 3715 1000 3772 qnam
1016 3698 1053 3758 nb
1066 3697 1265 3760 Illustrissims

113 3798 296 3860 Celsitndino
316 3802 431 3874 Vestra,
454 3818 518 3875 quse
538 3809 625 3876 prout
646 3803 764 3874 dignate
785 3808 838 3876 est,
860 3820 913 3877 per
933 3808 978 3862 tot
998 3819 1089 3862 sonos
1109 3803 1264 3877 moolers,

685 3907 699 3940 lb

185 3983 194 4033 l
218 3981 367 4038 Bellhsssr
387 3982 572 4046 Ridembeoh,
599 3984 663 4053 gel).
684 3984 751 4040 1535
775 3985 804 4038 in
824 3982 973 4054 Grilnberg
997 3981 1027 4036 in
1046 3983 1164 4043 Hessen;
1194 3984 1262 4039 1560

112 4068 295 4141 hofprediger
317 4070 348 4125 in
365 4070 525 4141 Stuttgnrt‚
555 4070 640 4124 nuhm
664 4088 710 4126 nm
736 4070 1010 4142 religionsgesprbob
1035 4071 1065 4125 in
1083 4070 1180 4142 Poissy
1204 4072 1261 4127 und

111 4155 224 4212 Worms
241 4155 326 4221 tbsil,
353 4157 448 4212 uurde
469 4160 537 4213 1570
564 4159 614 4214 der
642 4159 807 4231 nsohlolger
826 4176 881 4213 von
900 4158 987 4213 Brenn
1007 4159 1050 4214 als
1069 4160 1158 4215 ersten
1176 4160 1263 4231 geist·

110 4242 203 4300 lieher
223 4243 463 4317 Witrtbembergs,
491 4246 596 4314 slsls
614 4245 644 4302 in
663 4246 823 4318 stuttgart,
851 4263 872 4299 s.
891 4243 1033 4311 Fisohlin,
1063 4247 1144 4303 Mem.
1165 4246 1261 4303 Theol.

112 4330 198 4385 Wirt.
218 4331 238 4396 l,
259 4332 316 4386 142.
354 4333 398 4387 Br.
417 4351 443 4388 n.
465 4334 523 4389 180.
559 4333 761 4390 coustrnlrbion
780 4350 853 4405 genu
872 4331 984 4388 nnklsr.
