2768 4740
113 253 181 310 1559
662 259 722 319 207

111 425 182 485 milii
203 428 376 501 aperuisset,
398 426 476 485 iacta
496 428 573 485 inter
594 442 645 483 nos
666 427 775 497 majore
798 424 1004 483 familiaritate.
1022 415 1024 418 ⁴
1045 426 1153 482 lterum
1174 430 1263 496 atque

111 534 217 591 iterum
240 541 270 590 et
291 531 395 589 millies
415 528 536 595 affirmo,
559 544 622 585 oum
644 527 717 584 bene
735 528 808 584 uelle
824 529 931 586 uostris
946 526 1084 594 ecelesiis,
1106 534 1136 583 et
1157 542 1263 599 cupere

111 634 170 692 illis
180 635 330 706 prodesse,
343 641 373 692 et
384 634 470 690 talem
482 619 553 701 esse,
570 630 618 703 qui
631 630 720 699 possit
730 630 876 701 prodesse.
897 629 1070 701 Supervenit
1082 631 1167 688 etiam
1183 630 1263 688 aliud

111 740 269 811 negotium,
287 736 499 810 propterquod
515 735 583 792 mihi
599 732 751 791 videbatur
763 733 933 800 consultum,
955 741 987 793 ut
1000 749 1111 806 possem
1129 734 1188 792 cito
1200 750 1263 792 oum

113 841 219 900 Vestra
236 842 414 900 Celsitudine
432 839 574 908 conferre.
591 847 678 910 atquo
696 836 726 894 id
744 844 789 895 est
804 838 975 909 huiusmodi.
996 838 1041 895 Ea
1055 844 1151 910 potest
1166 839 1263 895 memi-

112 948 197 1015 nisse,
215 947 242 1003 d.
262 947 394 1004 comitem
411 944 518 1003 lulium
535 962 553 1001 a
571 943 700 1001 ΤΙιιιιιιιιι
720 942 833 1011 ΙιιιΙιιιιι,
851 944 899 1014 qui
911 940 988 1014 apud
1001 958 1046 999 me
1059 949 1122 1000 erut
1132 943 1262 1013 proximo

112 1049 255 1119 superiori
274 1046 488 1116 annmdedisse
504 1045 712 1103 confessionem
731 1043 883 1112 semidei,
905 1063 988 1118 quam
1001 1045 1148 1105 Gelsitodo
1162 1046 1263 1103 Vestra

112 1167 170 1209 uon
180 1151 363 1225 improbavit.
385 1151 456 1209 Gom
468 1167 536 1220 ergo
549 1150 695 1207 (ieueuam
707 1152 841 1215 venisset,
859 1150 906 1206 ubi
922 1149 982 1207 lere
1001 1150 1149 1224 quingenti
1165 1151 1263 1208 exules

114 1273 150 1312 ox
172 1255 257 1314 ltalia
279 1255 403 1327 degunt.
425 1270 542 1325 nempe,
571 1261 604 1311 nt
624 1252 710 1310 filium
733 1253 834 1326 nuptui
856 1253 988 1312 traderet
1009 1264 1038 1312 et
1059 1257 1120 1327 ipse
1143 1270 1261 1313 uxorem

113 1360 248 1428 duceret,
280 1362 425 1432 persuasit
445 1361 542 1417 multis
563 1376 598 1416 ex
620 1360 690 1420 illis.
723 1366 753 1415 nt
774 1359 891 1417 Gentem
919 1359 1102 1419 discedentes
1129 1366 1264 1431 peterent

115 1463 213 1522 sedern
241 1464 271 1521 in
299 1463 404 1520 ducato
434 1464 545 1522 Vestro.
592 1463 689 1533 erare
721 1463 802 1520 inulti
830 1472 858 1519 et
890 1462 1000 1521 nobiles
1031 1472 1060 1521 et
1085 1463 1190 1522 divites
1217 1481 1262 1520 me

118 1575 211 1634 orant,
235 1575 266 1625 ut
286 1584 348 1624 eum
372 1566 549 1625 celsitudine
572 1566 676 1624 lasti-a
696 1583 795 1637 agam,
828 1583 883 1638 quo
909 1567 994 1623 lieeat
1022 1565 1080 1624 illis
1106 1568 1158 1625 sub
1184 1566 1261 1624 illius
1330 1584 1331 1587 ¹

118 1669 219 1727 umbra
241 1679 271 1726 et
296 1671 474 1740 protectione
497 1669 607 1738 virere,
639 1668 715 1742 quod
737 1669 772 1726 ad
795 1685 923 1741 maguam
946 1669 1051 1730 (llrrisli
1072 1672 1194 1743 gloriam
1216 1688 1262 1730 oe-

115 1775 216 1842 deret;
249 1791 313 1832 uam
335 1776 362 1830 iu
384 1775 507 1831 articulo
535 1774 572 1831 de
603 1789 684 1831 eoeuru
703 1774 816 1830 Domini
844 1776 940 1846 ajunt,
968 1791 998 1832 se
1020 1776 1092 1832 uelle
1113 1791 1176 1834 eam
1197 1792 1262 1833 oon·

115 1875 269 1935 sessionem
290 1879 380 1951 sequi,
403 1894 486 1949 qnam
509 1879 536 1933 in
560 1878 585 1934 d.
608 1880 711 1935 comite
740 1878 877 1949 praedicto
899 1878 1002 1938 Vestra
1023 1879 1171 1938 celsitudo
1198 1895 1264 1952 pro·

115 1981 204 2040 bavit.
247 1983 308 2040 Hoc
328 1986 443 2056 inquam
465 1989 509 2040 est
531 1984 687 2055 negotium,
710 1983 745 2040 de
767 2000 822 2056 quo
844 1991 985 2054 optassem
1007 1999 1103 2040 rorum
1123 1982 1264 2054 conferre,

114 2072 191 2160 quod
213 2104 269 2145 non
290 2094 387 2159 potest
407 2105 515 2147 moram
535 2087 595 2158 pati
609 2087 646 2146 ob
659 2092 753 2145 certas
768 2102 877 2156 causas,
894 2085 946 2144 sed
957 2092 1063 2154 tamen,
1077 2103 1140 2144 oum
1151 2087 1264 2146 Vestro

115 2192 290 2251 Celsitudini
312 2209 366 2250 uon
395 2193 529 2252 videatur
554 2210 647 2265 neque
674 2191 833 2250 consultum
859 2207 952 2263 noque
980 2197 1095 2262 tulum,
1132 2198 1164 2249 ut
1188 2192 1264 2250 istuc

116 2300 238 2367 veniam,
260 2298 336 2355 domi
358 2298 405 2373 (ut
422 2298 494 2371 dixit
512 2314 555 2355 me
571 2297 731 2355 continebo.
765 2297 851 2354 Mitto
871 2313 1025 2367 recessum,
1047 2313 1131 2369 quem
1152 2297 1264 2368 legatus

115 2401 195 2473 legit,
218 2417 275 2458 uon
296 2401 400 2457 lectum
421 2403 512 2474 prius,
544 2402 717 2474 laetatusque
738 2399 801 2471 fuit,
830 2398 918 2457 talem
944 2400 1126 2458 concordiam
1150 2401 1265 2472 ridism,

115 2510 147 2562 ιιι
167 2507 258 2577 possit
278 2511 337 2561 tum
360 2522 411 2562 suo
433 2506 503 2578 regi,
526 2512 585 2564 tum
608 2507 721 2564 allisio
744 2503 838 2562 Gallio
859 2505 977 2571 testari,
1006 2507 1089 2563 mitto
1110 2507 1196 2563 etium
1218 2524 1265 2564 oa·

115 2611 241 2682 talogum
264 2626 372 2680 eorum,
395 2611 443 2682 qui
459 2615 674 2667 consenserunt.
704 2608 768 2665 Non
784 2606 893 2678 dubito,
915 2608 983 2679 quin
997 2606 1145 2666 Celsitudo
1160 2608 1262 2666 Vestra

115 2710 283 2781 aMontio⁸‚
304 2712 460 2770 secretorio
474 2710 590 2783 reginae,
612 2709 757 2782 acceperit
768 2708 933 2767 fasciculum
950 2711 979 2768 in
992 2712 1124 2783 Angliam
1146 2714 1261 2771 mitten·

116 2814 203 2888 dum,
234 2816 301 2873 dedi
331 2815 405 2874 euim
428 2816 563 2887 Laoingae
593 2816 640 2873 die
662 2815 733 2872 XXI
760 2815 846 2886 hujus
866 2818 979 2874 mensis.
1021 2816 1195 2876 Commendo
1218 2835 1263 2877 me

60 2980 66 2992 .
115 2921 210 2978 eidem
232 2920 403 2978 Celsitudini
426 2919 538 2978 Vestrae
559 2927 728 2978 reverenter
748 2935 857 2992 oroque
880 2919 1049 2991 Dominum,
1082 2929 1114 2979 ιιι
1140 2922 1170 2980 in
1199 2923 1262 2982 istis

115 3026 337 3083 traetetiouilius
357 3031 463 3096 augeat
485 3023 527 3082 illi
546 3023 680 3095 spiritum
701 3023 852 3095 sapientise
874 3031 904 3082 et
924 3024 1029 3082 donum
1049 3023 1127 3084 fidei.
1160 3029 1260 3084 Amen.

120 3154 123 3159 ·
196 3126 335 3198 l'ubiugae
356 3127 403 3184 die
425 3124 506 3183 XXV
531 3123 639 3197 aprilis
660 3124 798 3183 llllllx.

238 3229 240 3234 ’
367 3229 553 3289 Oelsitudinis
568 3229 682 3288 iesum
701 3231 825 3289 servitor
845 3231 1020 3291 humillimus

1025 3338 1187 3411 largerius.

276 3457 490 3530 Postscriptum.

197 3562 259 3633 Ego
281 3578 317 3617 ex
338 3577 384 3618 me
405 3560 502 3632 legato
523 3558 645 3617 dextere
672 3558 751 3630 dixi,
782 3560 859 3631 quod
886 3561 1026 3632 mirarer,
1057 3578 1156 3635 regem
1182 3580 1265 3623 suum

119 3667 289 3727 viderinon
310 3666 383 3724 adeo
404 3679 536 3737 magnam
556 3663 699 3721 rationem
719 3662 826 3722 habere
848 3662 1020 3724 Celsitudiui
1042 3666 1173 3736 Vestrae,
1203 3685 1267 3727 eum

118 3772 160 3829 illi
181 3770 332 3841 denegarit
353 3768 474 3836 solvere,
496 3783 560 3840 qoae
575 3766 697 3837 debet⁸3
719 3784 755 3826 ex
776 3785 830 3840 me,
852 3771 977 3843 inquam,
999 3771 1058 3828 dixi
1078 3778 1109 3831 et
1129 3771 1263 3837 dextere:

688 3908 703 3942 ιιι

191 4026 200 4073 1
223 4023 250 4076 S.
271 4023 309 4076 br.
328 4041 355 4076 n.
374 4025 416 4076 36.

163 4111 168 4121 '
189 4111 205 4162 2
224 4110 251 4163 S.
271 4129 296 4163 n.
317 4113 359 4165 79.

189 4199 206 4250 3
227 4196 278 4251 Die
295 4197 457 4267 anspriiohe'
469 4197 572 4265 herzog
590 4196 754 4265 christophe
779 4213 815 4250 an
839 4195 885 4250 die
912 4195 1098 4251 franzdsiaohe
1116 4197 1268 4266 regiemng

121 4301 215 4352 wegeu
236 4283 332 4338 irither
351 4284 513 4351 geleiaieter
532 4282 643 4338 dienote
668 4283 725 4336 und
749 4282 828 4337 einer
845 4281 1074 4353 vergentreokten
1093 4280 1267 4351 geldoumme
