2768 4740
122 219 190 309 mse
664 259 722 319 153

118 428 265 501 expetitis,
284 429 346 501 jem
369 428 484 486 transiit
505 427 640 487 duculum
662 434 807 497 nostrum,
839 434 868 488 et
888 429 1065 502 occepimus,
1096 444 1160 485 enm
1181 432 1211 484 et
1232 424 1268 483 de

117 533 199 592 vobis
220 532 307 591 etde
328 532 386 590 elio
407 533 531 606 quodem
552 534 716 592 Hannibale
738 536 873 609 episeopo
894 536 1076 608 neminisse,
1107 538 1136 590 nt
1156 531 1270 590 niholo-

115 640 209 697 minus
229 641 298 714 (pro
320 636 422 696 borum
443 654 523 697 mere
544 645 575 698 et
595 640 724 715 ingenio)
746 657 804 710 nos,
826 645 859 698 ut
879 641 926 713 (nui
948 637 1113 699 defeceritis
1132 656 1150 697 n
1170 639 1267 698 entbo·

114 744 171 802 lien
192 744 325 815 eeclesia,
346 744 482 802 conviciis
503 745 691 804 incessivisse.

195 849 361 919 Postremo,
392 847 469 922 quod
495 850 667 921 legationem
695 848 733 907 ed
761 867 858 921 regem
879 850 1027 909 Gallorum
1048 851 1128 909 vobis
1149 852 1265 910 deman-

118 953 181 1010 duri
203 952 324 1026 cupitis,
348 955 480 1012 nolumus
500 972 550 1012 roo
571 957 720 1027 ignorare,
749 956 824 1028 qnod
846 973 893 1014 res
913 957 1028 1029 seriptis
1048 963 1078 1014 et
1099 973 1153 1015 non
1176 957 1266 1014 inter-

117 1058 227 1116 nuntiis
248 1064 361 1130 egetur.
401 1060 519 1133 Legatis
540 1062 616 1118 eninr
636 1058 794 1119 difficiliter
821 1063 856 1120 nd
886 1078 982 1134 regern
1013 1061 1109 1120 editus
1136 1063 1165 1120 in
1187 1063 1265 1120 bisce

116 1164 280 1235 presertim
301 1163 412 1222 infestis
434 1166 739 1224 tumultibus-futurus
760 1173 845 1224 esset.

194 1269 265 1325 Haeo
285 1269 414 1327 brevitor
441 1272 554 1341 seriptis
576 1273 678 1328 vestris
699 1273 828 1328 volumus
856 1272 1040 1344 respondere.
1085 1273 1166 1330 llalae
1187 1273 1266 1330 Stul-

117 1372 226 1443 gurdiae
247 1381 348 1432 octove
370 1373 417 1432 die
438 1376 544 1433 mensis
564 1375 735 1434 Nouembris
759 1394 833 1434 nitrio
855 1376 942 1435 LVII.

669 1650 715 1703 tili.

423 1774 548 1862 Verger
570 1801 612 1843 en
635 1779 752 1865 herzog
776 1750 960 1863 Christoph.

453 1907 602 1980 Tiibingen
624 1914 641 1967 3
664 1910 824 1968 lleeembei·
846 1913 929 1967 1:357.

190 2011 296 2080 Verger
313 2010 423 2066 eehielrt
441 2011 523 2067 einen
546 2013 620 2068 brief
637 2014 685 2070 dee
707 2014 823 2083 herzoge
844 2031 898 2068 sou
911 2013 1027 2068 Ferrern
1045 2029 1081 2065 en
1100 2010 1264 2081 Christoph;

121 2103 197 2158 seine
215 2103 423 2160 litterarieeheu
443 2105 578 2162 arbeiten.

193 2198 381 2269 Beigedruelrt
399 2201 449 2256 dee
467 2201 645 2256 italidnisebe
665 2203 787 2272 original
803 2204 881 2272 jones
899 2203 988 2257 brief.

195 2297 390 2356 illustrissime
413 2298 555 2371 Princeps
576 2306 605 2356 et
626 2299 746 2358 Domine
769 2300 890 2358 Domine
912 2301 1155 2358 Clementissime!

193 2401 279 2460 Mitto
300 2405 475 2463 autenticum
498 2410 526 2461 et
548 2406 707 2462 versionem
725 2404 733 2435 ¹
755 2406 791 2462 de
812 2405 900 2462 verbo
919 2405 954 2462 ed
976 2404 1103 2462 verbum.
1135 2404 1192 2461 Res
1207 2421 1262 2461 non

112 2522 203 2577 lieren
224 2512 277 2575 est,
299 2525 382 2580 quom
405 2509 462 2564 dux
482 2508 643 2567 Ferrariee²
660 2510 744 2581 petit,
767 2527 855 2583 quere
877 2511 966 2567 miror
986 2509 1099 2566 litteras
1120 2515 1177 2566 torn
1199 2525 1264 2565 sero

112 2610 242 2680 venisse3
274 2612 388 2681 scriptus
420 2611 495 2667 enim
522 2620 587 2669 surrt
617 2611 716 2669 nltimn
737 2612 868 2670 Octobris
896 2619 923 2669 et
947 2614 1034 2671 miror
1055 2630 1110 2670 non
1133 2614 1262 2685 petiisse,

112 2716 168 2772 boe
188 2717 264 2789 quod
285 2715 367 2786 petit,
390 2733 443 2789 por
464 2717 606 2774 bominem
628 2719 744 2774 missum
765 2734 817 2790 per
838 2719 992 2790 dispositos
1014 2736 1111 2791 equos.

194 2819 304 2877 Forsan
326 2823 373 2892 qni
396 2822 462 2877 tulit
478 2821 598 2892 litteras,
613 2821 712 2878 babuit
726 2822 865 2880 rationem
880 2824 954 2895 eqni,
977 2840 1060 2894 quem
1074 2823 1172 2880 oudini
1186 2822 1262 2880 dono

115 2925 258 2982 attulisse.

195 3028 391 3098 Crediderim,
422 3032 555 3088 l'estrnm
579 3031 784 3089 Celsiimlinem
811 3048 866 3089 non
888 3047 987 3102 posse,
1015 3031 1092 3104 qnod
1113 3031 1263 3114 dunler·-

113 3134 199 3189 ruriae
220 3133 303 3205 petit,
324 3133 498 3204 concedere,
527 3135 637 3192 scilieet
657 3143 776 3207 propter
796 3151 893 3207 regem
916 3136 1042 3206 Aingliae,
1071 3152 1160 3209 qnare
1182 3152 1263 3194 reve·

112 3243 214 3295 uenter
244 3238 336 3296 dicem
368 3254 461 3295 meum
493 3239 651 3296 eonsilium.
703 3238 870 3296 Consultum
901 3239 1065 3311 videretur,
1098 3247 1130 3296 ut
1161 3240 1265 3298 Vestro
1328 3276 1331 3284 ·

114 3340 264 3399 Celsitudo
295 3341 340 3399 vel
369 3343 431 3398 sole
462 3342 505 3398 rel
537 3341 681 3412 adjunctis
709 3342 763 3400 sibi
799 3343 941 3417 aliquibus
969 3344 1144 3418 principibus
1174 3346 1263 3403 iuter-

114 3445 232 3505 cederet
253 3462 305 3518 pro
333 3462 402 3518 paee
431 3448 457 3503 in
487 3447 540 3504 linc
570 3464 671 3520 eansu3
704 3467 767 3506 num
790 3449 920 3507 Christus
941 3452 997 3507 nit:
1038 3451 1122 3508 Benti
1144 3449 1264 3522 paelici,

115 3552 167 3609 boe
188 3559 232 3609 est
254 3552 302 3624 qni
332 3569 428 3625 lennem
457 3552 573 3610 fuciunt.
617 3553 703 3612 Certe
724 3556 827 3612 Vestro
851 3555 997 3613 Celsitndo
1025 3554 1184 3613 devinciret
1210 3554 1264 3611 sibi

115 3662 256 3727 perpetuo
279 3663 369 3715 totum
390 3656 527 3716 inrnilinni
548 3659 714 3731 Estensem,
741 3678 804 3733 qnae
837 3669 881 3718 est
912 3661 1014 3718 dueum
1043 3660 1202 3727 Ferrnrbe,
1234 3667 1264 3717 et

115 3774 247 3831 unguem
267 3761 297 3816 in
319 3766 381 3818 toto
402 3760 485 3819 ltulin
507 3760 561 3818 sibi
582 3769 763 3832 compararet
783 3761 907 3822 landem.

188 3861 250 3919 lure
271 3863 401 3932 suspicor
422 3862 526 3921 ducem
547 3862 692 3921 Ferrariae
721 3865 774 3924 hoe
796 3867 886 3939 magis
907 3869 1031 3926 voluisse
1052 3874 1153 3940 petere
1173 3867 1263 3923 inter-

113 3967 272 4024 cessionem
294 3967 413 4038 seilicet,
435 3985 519 4039 qnam
541 3969 647 4028 vexilln
666 3969 795 4028 militum.

682 4099 697 4130 *

189 4203 201 4252 l
225 4198 277 4252 bie
298 4200 483 4269 iibersetzung
502 4201 537 4255 ist
557 4202 636 4256 nieht
656 4202 734 4255 mehr
754 4200 921 4256 vorhnnden.

182 4288 200 4344 2
218 4285 245 4340 S.
267 4286 310 4338 br.
330 4303 357 4340 u,
377 4287 402 4339 2.
