2768 4740
94 231 188 329 'rsus
660 281 723 340 ero

113 456 158 507 est
175 449 325 521 judicium,
340 448 417 521 qnod
432 448 510 521 Papa
522 449 663 528 homiuem
685 448 848 507 litterarum
868 447 1061 519 rudissimam,
1082 448 1260 521 professione

111 554 232 610 militem
249 552 319 610 velit
331 552 462 610 Tridenti
480 550 588 608 habere
610 567 665 608 non
688 560 807 624 propter
827 550 1061 612 reformationem
1082 570 1192 613 morum
1212 570 1261 613 ne-

113 676 169 731 que
182 659 388 717 doctrinarum.
421 657 648 715 Patercoelestis
660 657 803 716 illuminet
825 659 889 715 illos
909 673 1051 730 pauperes
1071 657 1201 716 homines
1221 659 1260 734 (si

113 770 180 822 sunt
201 781 237 821 ex
258 763 343 837 suis).

194 870 301 940 Accepi
323 868 384 926 lieri
407 872 575 925 reverenter
595 864 799 922 lllustrissimae
812 865 923 923 Vestrae
939 863 1126 922 celsitudinis
1147 867 1259 925 litteren

114 974 145 1030 in
167 989 254 1030 eausa
275 972 387 1030 comitis
407 969 478 1027 lulii
499 985 516 1026 a
536 968 646 1026 Tbiene
662 968 686 1038 ¹,
717 986 782 1040 quae
802 968 1072 1039 mihi'summopere
1094 970 1260 1039 probentur,

113 1077 370 1149 probabunturque
392 1072 633 1168 hauddubieab
654 1073 717 1144 ipso
738 1074 859 1145 comite3
891 1091 955 1131 nam
983 1073 1020 1131 ad
1041 1089 1106 1131 eum
1127 1076 1260 1146 Argenti·
1333 1068 1337 1077 ’

114 1197 180 1238 nam
201 1181 274 1239 misi.
316 1180 482 1238 Consultius
503 1185 581 1237 certe
603 1196 655 1235 suo
676 1177 734 1237 filio
755 1187 799 1238 est
821 1179 957 1249 loturum,
980 1186 1012 1236 ut
1031 1196 1095 1237 cum
1117 1181 1262 1250 ingressus

112 1285 202 1342 luerit
225 1286 259 1340 18
280 1291 331 1341 aut
351 1284 500 1357 aliquanto
520 1283 621 1353 minus,
643 1285 680 1341 sit
700 1282 815 1342 iuturus
835 1283 864 1341 in
884 1285 951 1343 aula
971 1284 1137 1354 honorilice,
1159 1300 1257 1355 quem·

112 1389 267 1446 admodum
289 1389 394 1447 Vestra
415 1388 565 1447 Gelsitudo
587 1389 753 1459 pollicetur,
776 1389 812 1447 de
833 1407 889 1463 quo
910 1390 1019 1464 gratias
1039 1403 1094 1460 ago
1115 1387 1260 1446 iussimus.

113 1492 290 1552 Comrnendo
312 1511 357 1550 me
379 1501 548 1552 reverenter
567 1492 770 1552 Illustrissinrre
790 1494 960 1552 celsitudini
977 1495 1097 1552 Vestrae.
1130 1493 1263 1551 Coelestis

114 1596 204 1654 Pater
222 1605 329 1670 augeat
350 1597 391 1655 illi
413 1614 479 1654 suos
501 1596 611 1654 divinos
628 1597 787 1665 thesauros,
810 1598 938 1666 spiritum
961 1607 991 1655 et
1011 1597 1095 1655 tidem
1118 1597 1261 1667 perChri·

112 1709 189 1758 stnm
210 1700 357 1759 domiuum
378 1709 515 1759 nostrum.

166 1825 168 1828 ’
193 1822 333 1893 Tubinqae
353 1825 390 1881 23
412 1822 459 1880 die
481 1821 649 1881 Decembris
673 1825 755 1879 1561.

350 1935 553 1994 illustrissimae
574 1934 761 1995 (lelsitudinis
782 1935 892 1993 Vestrae
913 1934 1037 1992 servitor

1016 2038 1183 2110 Vergerius.

648 2304 740 2364 1562.

658 2475 721 2531 142.

426 2605 548 2692 Verger
571 2629 612 2672 au
635 2607 753 2690 herzog
776 2603 958 2689 christoph.

474 2736 623 2811 Thbingen
644 2739 661 2794 7
682 2737 794 2796 Januar
817 2738 900 2794 1562.

186 2853 337 2917 Berichtet,
356 2873 413 2910 was
432 2856 490 2910 ihm
511 2857 577 2912 iiber
596 2858 641 2912 die
659 2857 784 2927 slellung
803 2875 856 2911 von
870 2859 962 2910 hnton
983 2871 1037 2909 von
1052 2854 1180 2910 Navarra
1199 2872 1258 2908 aum

113 2949 280 3018 pupatthum
299 2951 481 3021 gesohriebeu
501 2952 613 3011 worden
632 2955 680 3008 sei.

195 3066 393 3125 illustrissime
415 3069 552 3142 Princeps
573 3077 603 3128 et
623 3071 745 3129 Domine
767 3070 888 3128 Domino
910 3067 1163 3126 Clementissimel·

195 3170 291 3229 Hodie
319 3175 416 3245 accepi
436 3177 564 3234 Venetus
591 3178 722 3239 litteras.
754 3180 782 3234 in
811 3177 913 3249 quibus
941 3173 1049 3248 aliquid
1077 3173 1154 3244 legi,
1185 3172 1261 3245 qnod

113 3270 233 3344 dignum
265 3273 440 3344 existimavi,
472 3277 547 3350 quod
578 3278 613 3335 nd
646 3277 775 3336 Vestram
804 3278 1028 3336 illustrissimam
1055 3276 1261 3335 celsitudinem

113 3375 302 3434 scriberetur.
333 3378 403 3437 Cum
427 3379 535 3453 Papae¹
557 3381 718 3439 nuntiatum
739 3380 850 3451 inisset,
872 3381 1030 3439 Galliarum
1051 3395 1172 3454 regnum
1193 3396 1264 3454 quo·

114 3480 188 3538 tidie
211 3481 313 3540 melius
334 3499 364 3540 se
386 3484 494 3543 habere
515 3488 543 3542 iu
566 3501 635 3542 vera
655 3485 794 3557 religiono
816 3485 998 3555 arcessenda,
1019 3490 1182 3543 remtotam
1197 3484 1262 3543 illu·

114 3585 265 3644 strissimis
285 3586 408 3646 dominis
430 3587 548 3646 Venetis
569 3589 699 3660 scripsit,
728 3589 948 3661 implorantique
975 3585 1103 3646 favorem
1133 3592 1163 3644 et
1183 3587 1263 3645 auxi-

114 3687 194 3758 lium,
223 3690 247 3747 si
277 3689 345 3762 qnid
372 3690 533 3749 lutherani
564 3693 620 3766 (ita
650 3692 724 3749 enim
752 3692 878 3766 scripsit)
909 3691 1068 3750 voluisseut
1097 3690 1264 3751 machinari.

116 3797 213 3862 Quare
237 3793 350 3851 videtur
370 3801 500 3852 metuere
523 3795 616 3866 Papa,
648 3812 684 3853 ne
706 3794 812 3854 bellum
834 3794 856 3853 a'
872 3795 1026 3853 Germania
1046 3795 1178 3867 incipiat:
1209 3795 1263 3853 hoc

114 3896 233 3968 iuquam
249 3896 473 3973 (qualecumque
486 3899 536 3972 sit)
551 3899 733 3958 scribendum
748 3899 917 3964 existimavi,
931 3905 1010 3956 certe
1024 3897 1139 3956 ridetur
1151 3899 1262 3967 timere,

114 4015 151 4056 ne
174 3998 271 4057 Gallia
291 4002 446 4072 conjuncto
466 4016 529 4059 cum
551 3999 707 4060 Germania
727 4001 798 4059 velit
817 4008 953 4074 papatum
973 4001 1092 4062 adoriri.

681 4128 696 4162 ss

188 4233 200 4283 l
222 4228 256 4282 N.
278 4231 335 4284 137.

186 4318 203 4369 ‘2
222 4317 250 4370 S.
268 4335 297 4372 n.
316 4319 358 4372 94.
