2768 4740
118 240 180 298 15⁶⁰
254 263 258 274 ·
640 248 718 309 249

114 415 240 475 herniam.
283 416 401 476 Interea
431 418 535 489 cupide
557 433 723 492 responsum
756 423 940 492 exspectaut3
971 417 1121 489 petierunt
1148 419 1262 477 eninna

116 520 213 578 l'eetra
223 519 405 580 celsitudine
419 537 472 595 per
489 523 603 581 litteras
619 528 757 591 mutuum,
777 523 823 580 oni
838 537 874 601 se,
886 521 1033 581 humiliter
1052 521 1261 582 commendant.

114 624 182 682 Sunt
202 625 278 682 enim
300 625 470 698 Reittliugae
491 642 602 685 mecum
624 633 655 685 et
675 643 787 687 mecum
808 615 969 700 Tuhing'am
990 631 1183 686 revertentur.

189 729 337 790 Fortassis
367 737 422 789 non
453 737 521 791 sunt
549 731 660 791 Vestroe
692 731 861 791 celsitudini
892 729 1016 788 redditae
1045 747 1115 788 mese
1141 732 1260 813 littores,
1303 806 1307 814 ⁸

113 851 178 910 ques
198 840 268 895 aute
292 838 328 894 15
350 833 411 895 iere
433 835 496 894 dies
510 836 621 909 scripsi,
643 836 790 910 obtulique
805 835 848 895 illi
866 836 1158 943 reverenteraliquot
1170 836 1261 909 pelles

113 937 259 997 rihellinas
272 937 298 1011 ¹,
326 955 396 1012 quas
427 938 513 996 etiam
540 939 634 996 statim
656 936 684 995 in
707 954 771 996 meo
792 956 810 997 a
831 937 951 998 Polonia
972 938 1067 998 reditu
1089 938 1261 1010 obtuleram,

112 1047 160 1101 aut
189 1044 283 1114 gratis
309 1048 359 1100 aut
387 1058 557 1114 ‹puocunque
579 1042 666 1102 vellet
694 1043 797 1115 prelio.
839 1042 1015 1114 Dignubitur
1042 1043 1143 1102 eadem
1171 1042 1260 1103 Celsi·

112 1147 178 1207 tudo
211 1146 317 1206 Vestra
353 1146 506 1222 (siquidem
545 1162 623 1206 moes
651 1147 808 1220 acceperit)
845 1164 932 1206 nuum
971 1147 1088 1206 verbum
1125 1147 1260 1212 scribere.

112 1269 176 1311 num
197 1268 248 1311 eas
269 1252 347 1310 velit.
388 1252 451 1324 Ego
481 1253 557 1309 euim
585 1250 683 1310 darem
711 1249 915 1326 protectore}
938 1253 1091 1311 mitterem.
1133 1252 1198 1310 Non
1219 1251 1260 1311 ini

115 1357 223 1416 otiosus
243 1358 273 1415 iu
294 1358 468 1416 monasterio
488 1355 725 1416 Bebenhansensi
752 1361 839 1429 atque
869 1355 917 1415 hic
936 1356 1118 1429 Reittlingae3
1145 1373 1260 1431 possum
1286 1421 1289 1426 ,

113 1463 189 1520 euim
210 1464 253 1521 nti
274 1463 420 1533 ingeniolo
440 1469 470 1520 et
491 1462 593 1537 spiritu
615 1463 682 1537 (Dei
704 1460 811 1536 gratia)
841 1468 869 1520 et
891 1460 1019 1530 dictare,
1052 1463 1075 1520 si
1106 1478 1162 1520 non
1186 1460 1260 1535 pede

113 1583 145 1625 ac
163 1581 259 1624 manu.
295 1565 455 1625 Vertuntur
475 1582 549 1625 nnuc
569 1583 586 1625 a
607 1565 765 1625 Schradiuo
786 1567 815 1624 in'
832 1566 1042 1637 Germanicum,
1064 1583 1128 1639 quse
1149 1564 1259 1639 scripsi.

115 1670 289 1729 Commendo
310 1687 355 1729 me
376 1677 546 1730 reverenter·
566 1671 869 1739 CelsitudiniVestrm,
892 1670 979 1729 Pater·
999 1671 1124 1730 coelestis
1145 1670 1188 1728 illi
1208 1687 1260 1728 eu·

111 1781 178 1847 gest
200 1791 267 1833 suos
287 1774 420 1834 coelestos
441 1777 600 1845 thesauros,
621 1778 752 1849 spiritum
774 1783 804 1834 et
824 1775 908 1834 iidem
930 1790 982 1846 per
1003 1772 1147 1834 Christum
1169 1774 1259 1832 donni·

113 1895 178 1936 num
200 1885 338 1938 nostrum.

191 2000 297 2059 Datum
320 2001 473 2074 Reitlinge
496 2005 534 2060 20
554 2003 601 2062 die
622 2004 755 2063 Octobris
778 2005 861 2062 1560.

339 2106 540 2166 illustrissimae
561 2107 747 2168 celsitudinis
769 2108 881 2167 Vestrae
907 2108 1032 2167 servitor

1017 2210 1180 2284 Vergerius.

654 2474 717 2531 103.

408 2599 535 2689 Herzog
559 2601 733 2687 Christoph
761 2624 801 2667 en
828 2601 959 2687 Verger.

521 2744 556 2801 13
578 2742 741 2801 November
764 2743 847 2800 1560.

181 2867 287 2939 Wegen
307 2869 385 2922 einer
404 2867 483 2921 linhre
503 2867 589 2929 wein,
617 2868 663 2923 die
682 2867 745 2923 dem
767 2869 869 2937 herzog
887 2884 940 2920 von
961 2865 1088 2921 Preullsn
1114 2863 1259 2934 geschicht.

110 2963 222 3018 werden
240 2963 317 3018 selle.

179 3058 308 3128 Origiuel
327 3058 406 3115 nicht
423 3060 461 3115 im
481 3062 586 3117 archiv.

179 3152 417 3224 (Ahgesehrieheu
435 3172 484 3209 aus
503 3155 566 3210 Sixt
584 3176 604 3211 s.
626 3159 675 3212 554
696 3157 724 3226 l.)

188 3249 243 3308 Dei
267 3249 362 3322 gratia
383 3248 607 3324 christophorus
628 3253 694 3312 Dux
715 3253 980 3325 Wirtembergicus.

188 3353 357 3412 Reverende
379 3372 412 3413 ac
433 3356 515 3414 nohis
536 3357 656 3416 dilecte!

187 3459 306 3517 Elector
316 3459 518 3526 Palatinensis‚
540 3458 741 3518 duxBavariee
763 3466 817 3518 etc.
839 3457 935 3519 offitiis
955 3467 1055 3520 noster
1075 3461 1257 3532 clarissimus,

112 3563 187 3622 inter
214 3568 313 3622 cetera
341 3563 447 3621 scheda
468 3562 593 3637 quedem
614 3580 666 3623 uos
687 3564 874 3637 commonuit,
903 3572 936 3624 nt
962 3565 1093 3639 plaustra
1113 3565 1171 3624 vini
1191 3565 1256 3624 illu·

111 3665 250 3723 strissimu
272 3666 395 3725 Prassiae
424 3667 489 3726 duci
512 3685 569 3726 urna
589 3685 652 3727 eum
672 3667 787 3755 prelati
809 3669 945 3728 electoris
967 3672 1032 3730 nino
1053 3669 1257 3729 Bacharaohiae

111 3762 202 3828 adhuc
218 3771 335 3842 jacente
356 3771 526 3833 advehenda
546 3790 721 3833 curaremus.
763 3775 846 3848 Quod
870 3775 1009 3834 hacteuus
1029 3791 1048 3834 a
1067 3772 1147 3832 vobis
1166 3775 1257 3832 inter·-

111 3874 224 3932 missum
246 3876 338 3934 etsic
358 3876 632 3949 monstrorumque
653 3881 783 3935 nostrum
804 3876 842 3951 (si
869 3877 912 3936 ita
937 3876 1047 3935 diutins
1067 3881 1185 3934 vectura
1205 3876 1257 3933 inn-

110 3974 270 4047 pediretur,
303 3995 337 4035 ec
357 3985 390 4036 ut
409 3977 548 4037 hactenus
568 3978 803 4054 prolongaretur)
832 3996 888 4037 uon
910 3980 985 4039 citra
1001 3982 1146 4052 jacturam
1167 3977 1257 4036 detri-

113 4083 198 4141 menti
218 4082 354 4157 quiddam
375 4099 495 4156 pessura
514 4082 620 4151 forent,
641 4084 750 4144 idcireo
771 4084 929 4143 clementer
944 4099 993 4141 vos
1008 4079 1204 4153 adhortamur,
1225 4086 1258 4140 ut

678 4207 693 4242 ιιι

182 4297 484 4369 tmemm
