2768 4740
24 247 128 309 „last
463 222 470 233 ⁹
613 253 651 313 81

57 439 113 480 non
134 427 194 480 tam
218 423 280 480 cito
300 422 498 481 discessuram.
528 419 586 479 Sed
606 421 741 479 voluutas
761 421 877 479 Domini
898 418 963 478 fiat!
988 421 1141 479 resarciam
1161 421 1208 479 lit·

56 525 136 581 teris.
180 523 428 582 Praetermiseram
449 520 575 581 scribere
596 522 719 595 aliquid,
751 521 862 595 quoda
883 523 979 597 legato
999 524 1135 583 Veneto¹
1158 541 1209 582 an·

56 627 174 698 dieram,
188 634 223 686 nt
236 644 335 686 coram
349 627 502 699 referrem
525 633 571 686 cst
585 633 683 685 auteur
695 627 876 698 hujusmodi:
896 629 955 700 nic,
969 625 1209 687 atrabatensem’

56 731 161 791 ardere
188 734 303 805 ingenti
324 732 391 791 odio
411 732 550 792 adversus
570 731 741 804 religionem
761 739 905 802 nostram,
934 738 1021 806 atque
1049 735 1137 791 etiam
1157 733 1208 790 ad·

57 853 157 895 versus
177 837 341 910 principes,
372 838 420 910 qui
449 852 513 894 eam
535 842 740 910 susceperunt,
768 835 886 894 solitum
905 842 1002 896 autem
1022 836 1110 896 luisse
1131 853 1207 910 soepe

57 957 162 1014 urgere
183 947 215 1000 ct
235 941 350 1007 dicere:
391 941 450 999 Cur
470 958 521 999 vos
542 937 647 999 Veneti
667 956 724 998 non
746 941 816 998 estis
837 941 1037 1012 diligentiores
1056 941 1086 998 in
1106 943 1208 999 exstir-

57 1046 161 1119 pandis
180 1044 378 1105 Lutheranis?
400 1061 452 1104 cur
472 1061 529 1103 nou
550 1042 694 1102 exuritis?
714 1061 752 1103 an
772 1043 861 1102 vultis
880 1047 957 1118 pati,
979 1051 1012 1103 ut
1032 1052 1208 1117 excrescant,

57 1153 131 1208 siout
151 1153 181 1208 in
203 1150 371 1219 Germania,
400 1149 478 1207 uude
498 1152 546 1207 vix
567 1164 692 1221 unquam
717 1154 855 1221 poterunt
883 1149 1004 1220 amplius
1032 1149 1207 1223 exstirpari?

57 1255 93 1314 de
113 1253 294 1328 principibus
313 1270 382 1313 vcro
402 1255 518 1313 solitum
540 1253 621 1312 illum
645 1251 733 1312 luisse
761 1252 876 1325 dicere,
905 1268 956 1311 eos
982 1253 1132 1326 reliquisse
1160 1271 1208 1312 ra·

57 1365 149 1417 teram
171 1359 342 1431 religionem
363 1363 392 1416 et
413 1364 564 1432 papatum,
600 1364 630 1416 et
652 1374 753 1417 norom
773 1361 947 1430 suscepisse,
976 1364 1089 1416 tantum
1109 1365 1142 1416 ut
1161 1375 1208 1418 oc-

58 1469 199 1536 cuparent
219 1461 295 1520 bona
311 1462 506 1534 ecclesiarum,
527 1460 629 1535 quibus
641 1460 813 1521 bombardas
828 1461 1012 1535 conficerent,
1034 1462 1110 1522 bella
1123 1463 1208 1523 ador·

55 1574 158 1626 narent
185 1583 345 1641 pacemque
374 1565 525 1624 turbarent
556 1570 586 1621 et
610 1561 738 1637 quietem
771 1563 902 1622 Caesaris.
944 1565 983 1623 Et
1014 1571 1110 1638 certe,
1138 1566 1207 1623 lllu·

61 1672 200 1730 strissime
229 1672 385 1744 Princeps,
416 1670 441 1728 is
471 1669 585 1742 legatus
607 1670 668 1741 jam
696 1668 852 1728 imbiberat
879 1669 953 1727 hunc
979 1671 1144 1742 opinionem
1171 1670 1207 1729 ab

57 1775 253 1836 atrabatense
285 1781 316 1835 et
343 1775 430 1849 plane
459 1773 642 1842 crediderat,
671 1790 735 1834 esse
758 1790 854 1831 veram
879 1781 966 1846 atque
992 1781 1025 1832 ut
1044 1790 1140 1833 veram
1162 1792 1208 1832 re-

60 1879 224 1939 nuntiasset
245 1878 376 1938 Vcnoliis
395 1879 424 1936 in
445 1884 549 1937 senatu
569 1877 777 1945 ducentorum,
798 1877 846 1935 ubi
867 1878 1028 1951 legationes
1048 1879 1143 1937 solent
1162 1896 1208 1937 re·

63 1984 200 2055 nuntiari,
222 2001 278 2043 non
299 1983 362 2042 sine
382 1980 479 2056 aliqua
493 1987 563 2039 nota
576 1978 725 2052 religionis
740 1986 845 2038 nostra
860 1980 1046 2040 sanctissimae
1056 1991 1086 2042 et
1096 1983 1207 2057 piorum

58 2090 218 2161 principum
241 2087 417 2160 Germaniae,
449 2086 506 2143 bne
526 2088 602 2144 enim
623 2085 764 2157 spectavit
784 2085 1000 2156 atrabatensis,
1029 2105 1117 2160 quum
1137 2088 1208 2146 talla

59 2192 207 2263 ingereret
231 2191 262 2249 in
290 2189 407 2249 auribus
434 2189 538 2262 legati,
570 2203 672 2260 nempe
700 2192 733 2245 ut
760 2189 924 2260 impelleret
948 2191 984 2249 ad
1015 2192 1207 2251 renuntianda

59 2297 119 2355 baec
145 2297 176 2353 in
205 2296 324 2354 auribns
345 2295 530 2353 Venetorum.
572 2293 678 2352 Verum
700 2294 779 2351 Deus
800 2293 881 2351 dedit
907 2295 976 2354 milri
1003 2296 1143 2371 gratiam,
1175 2305 1206 2355 nt

59 2402 202 2472 potuerim
230 2400 379 2460 mendacia
410 2398 537 2471 diluere,
566 2405 596 2456 et
627 2405 707 2457 certo
737 2400 796 2457 scio
822 2415 867 2456 me
895 2399 1013 2458 diluisse
1038 2408 1069 2459 et
1094 2407 1208 2459 contra·

58 2505 131 2563 num
154 2506 355 2579 persuasisse,
388 2504 445 2562 imo
475 2508 508 2562 nt
535 2510 637 2575 postea
665 2504 779 2576 legatus
807 2505 874 2561 mibi
901 2504 1025 2563 dixerit:
1073 2505 1206 2565 Proiecto

58 2611 162 2683 timeo,
189 2627 225 2668 ne
247 2613 333 2670 etiam
354 2613 384 2669 in
404 2610 469 2669 aliis
489 2628 534 2670 me
555 2611 704 2684 deceperit
725 2608 772 2668 ill'e
794 2611 959 2682 episcopus,
987 2610 1101 2682 qnando
1122 2610 1206 2668 rideo

58 2732 100 2776 me
122 2719 153 2774 in
174 2716 237 2786 boc,
259 2716 335 2789 quod
356 2716 430 2775 tanti
450 2716 586 2788 ponderis
603 2721 656 2788 est,
678 2715 767 2775 luisse
783 2716 820 2775 ab
834 2731 869 2774 eo
885 2715 1048 2786 deceptum.
1077 2714 1109 2771 ln
1130 2731 1205 2772 sum·

57 2837 100 2881 ma
121 2821 219 2880 orarit
239 2837 293 2892 me,
315 2826 348 2878 ut
366 2820 522 2879 scriberem
544 2821 581 2880 ud
601 2837 668 2880 enm
688 2821 844 2894 aliquando
865 2828 895 2879 ct
915 2821 1073 2892 praeoipue,
1096 2827 1127 2878 nt
1148 2836 1206 2877 mo-

58 2940 177 2997 nerem,
209 2923 234 2983 si
256 2923 326 2997 quid
346 2923 416 2982 mihi
436 2923 582 2983 videbitur·
603 2941 754 2996 occurere,
775 2926 804 2983 in
826 2941 881 2998 quo
901 2927 956 2998 ipsi
977 2924 1083 2983 domini
1104 2924 1207 2984 Veneti

57 3032 168 3102 possint
179 3028 379 3089 illustrissimis
390 3026 568 3101 principibus
579 3023 742 3086 Germaniae
757 3045 864 3085 morem
874 3044 987 3101 gerere,
1002 3029 1069 3101 quia
1082 3027 1208 3086 libenter

56 3133 206 3206 lacerent3
235 3133 293 3193 imo
321 3133 452 3207 promisit
481 3133 565 3206 mibi,
597 3133 674 3204 qnod
695 3132 858 3206 respublica
879 3134 927 3191 illa
947 3135 985 3191 sit
1005 3149 1050 3191 me
1071 3132 1206 3191 habitura

57 3245 201 3313 perpetuo
222 3255 273 3311 pro
294 3236 372 3297 fideli
393 3247 423 3299 et
445 3256 511 3299 caro
532 3239 665 3312 subdito,
692 3241 778 3298 etiam
800 3241 823 3298 si
844 3256 889 3297 me
910 3255 985 3312 papa
1006 3239 1073 3297 odio
1094 3238 1208 3297 lrabeat.

135 3343 224 3402 Mitto
247 3345 414 3404 memoriale
435 3345 472 3405 ad
494 3345 521 3404 d.
542 3344 673 3405 Berum³
693 3345 721 3403 in
743 3360 831 3404 cansa
851 3344 972 3402 duorum
992 3344 1207 3403 adolescentum

624 3442 639 3475 *

55 3517 191 3580 briicken,
212 3517 274 3585 gob.
296 3519 376 3584 1526,
396 3519 540 3575 seitraaa
558 3522 642 3592 (resp.
663 3521 743 3589 1543)
761 3519 877 3589 heraog;
896 3523 911 3585 †
933 3520 962 3573 11
984 3517 1050 3572 Jnni
1072 3517 1139 3572 1569
1163 3515 1207 3570 bei

56 3603 189 3674 Limoges
207 3605 249 3660 als
267 3623 297 3661 er
315 3607 369 3661 den
382 3607 562 3678 Hagenolten
582 3609 634 3663 mit
649 3609 741 3664 einem
754 3608 821 3662 haer
833 3625 865 3660 zu
879 3606 955 3660 htille
968 3623 1028 3677 rog,
1046 3624 1067 3660 s.
1080 3605 1119 3660 br.
1128 3623 1155 3658 n.
1166 3605 1208 3658 72.

55 3692 168 3764 Herzog
187 3694 336 3766 christoph
354 3698 439 3751 stand
461 3698 570 3753 damula
588 3698 618 3752 in
636 3696 780 3753 lebhalten
799 3693 1065 3763 nutet-bandlnngen
1083 3690 1136 3746 mit
1154 3691 1207 3744 den

54 3780 272 3851 cvangeliscben
300 3781 406 3838 fdrstsn
434 3787 491 3840 und
512 3786 671 3841 Fordinand
698 3802 752 3839 von
773 3772 899 3838 benaich
921 3799 1018 3852 megan
1046 3782 1095 3835 des
1117 3781 1207 3845 Auga-

55 3869 161 3941 burger
179 3869 343 3940 raichstags‚
363 3872 415 3926 aul
427 3873 561 3929 melcham
575 3874 625 3929 der
636 3873 780 3929 bekannte
793 3868 1017 3941 religionsfriede
1030 3864 1206 3936 geschloseen

55 3957 161 4013 warde.

128 4049 142 4101 l
162 4047 190 4102 S.
208 4047 252 4101 br.
270 4065 298 4101 n.
318 4048 358 4102 15.

126 4133 325 4198 2Granrells,
346 4151 367 4188 s.
387 4132 428 4187 br.
447 4151 472 4187 n.
495 4135 535 4189 15.

125 4226 142 4278 3
161 4222 202 4275 Dr
215 4222 321 4291 caspar
331 4221 408 4287 Beer,
427 4223 504 4277 einer
522 4238 576 4277 von
596 4222 651 4276 den
671 4221 877 4275 vertranteslen
896 4216 996 4271 rllthcn
1016 4215 1118 4282 herzog
1129 4211 1206 4266 Obri-

56 4309 160 4382 stophs,
180 4313 198 4376 †
219 4309 296 4364 1556.
699 4364 702 4368 p

107 4414 204 4467 verger
982 4391 999 4443 6
