2768 4740
118 246 184 302 1556
663 251 722 310 137

114 421 213 486 mauis,
234 419 338 492 quibus
359 419 493 479 munibus
514 419 692 494 pedibusque
714 418 845 479 laboravi
864 435 916 492 pro
938 418 1092 477 concordia
1112 419 1196 491 liujus
1217 436 1262 478 oc·

114 522 209 581 elesioe
230 539 293 582 eum
311 525 417 583 nostris
435 523 754 595 ecclesiisGernreniae;
777 529 845 582 aute
866 525 961 582 onmia
981 523 1127 582 liberrime
1148 523 1260 584 loeutus

111 643 174 686 rum
195 627 387 687 illustrissimo
409 628 461 687 lroe
487 629 617 701 principe
648 646 682 687 ac
712 627 786 700 dixi,
818 627 926 687 debere
954 644 1034 687 snam
1055 621 1255 687 celsitudinem

112 733 239 806 abjicere
260 734 333 793 illud
355 735 458 806 degne
479 734 678 794 Osiandricnm
694 735 717 806 ¹,
750 735 826 808 quod
856 740 966 793 tantam
995 734 1184 791 vastationem
1211 747 1260 805 pe·

112 840 189 913 perit
208 839 239 897 in
258 840 313 922 hae
334 839 457 898 ecclesia
477 845 566 914 atque
585 840 691 911 schole,
713 856 778 913 qum
799 841 914 898 omuino
936 837 1068 897 desolata
1087 842 1146 911 est3
1175 839 1260 912 quale

111 958 281 1015 responsum
295 944 420 1017 tulerim,
442 961 506 1018 qnae
527 944 564 1002 sit
584 960 650 1017 spes
670 944 830 1004 sarciendae
851 942 1021 1012 concordiae,
1035 958 1092 1001 nou
1109 948 1153 1002 est
1167 948 1259 1002 tutum

111 1047 219 1106 litteris
239 1049 428 1118 committere,
450 1065 539 1121 quare
562 1060 680 1107 reservo
701 1065 756 1120 me,
778 1052 927 1107 uteorum
947 1062 1071 1106 narrem.
1112 1046 1176 1106 Stat
1196 1063 1260 1105 sen·

112 1150 206 1210 tentia
227 1149 264 1209 de
285 1150 433 1210 redeundo
455 1168 552 1211 mense
572 1151 739 1223 Novembri,
761 1152 879 1212 Octobri
900 1149 1049 1210 conficiam
1071 1154 1136 1221 iter,
1157 1151 1181 1210 ei
1203 1152 1260 1211 Do·

112 1256 208 1314 minus
228 1256 360 1315 voluerit.

196 1360 281 1428 Puto,
302 1362 435 1418 Vestram
448 1361 653 1422 celsitudinem
668 1361 795 1420 audiisse
811 1378 913 1419 norueu
930 1361 1116 1420 illustrissimi
1131 1361 1211 1420 ducis
1231 1363 1259 1420 iu

113 1464 203 1535 Olica,
225 1464 345 1537 paletini
367 1463 550 1533 l'iluensis¹‚
576 1482 692 1524 summae
713 1466 877 1524 autoritatis
905 1468 935 1523 in
962 1482 1051 1539 regno
1073 1466 1201 1526 Polouiae
1227 1483 1261 1523 ac

112 1570 262 1642 praecipue
282 1577 347 1642 post
367 1585 480 1642 regem,
516 1571 540 1628 is
561 1569 725 1628 aridissime
746 1570 912 1643 complexus
942 1578 986 1628 est
1006 1571 1200 1645 evangelium,
1231 1575 1261 1629 et

114 1676 231 1749 quidem
251 1677 344 1749 palam
365 1677 473 1735 sciente
495 1694 573 1748 rege,
595 1693 628 1735 uc
648 1683 805 1750 prorueret,
828 1683 965 1749 qnantum
986 1681 1093 1749 potest3
1121 1675 1197 1733 misit
1224 1674 1261 1732 nd

119 1797 165 1839 me
186 1796 279 1856 nuper
299 1780 472 1854 peculiarem
494 1798 510 1838 e
531 1780 615 1839 Vilna
636 1782 766 1839 nuutium
787 1786 934 1852 rogatum,
956 1787 987 1838 nt
1007 1779 1044 1839 ad
1063 1795 1095 1838 se
1116 1778 1260 1848 accedam,

116 1883 195 1956 quod
216 1882 286 1942 relit
307 1882 437 1956 quaedum
460 1881 593 1942 conferre
613 1899 666 1955 pro
692 1884 765 1942 bouo
794 1882 999 1956 ecclesiarum;
1029 1883 1173 1955 promittit
1192 1896 1261 1940 reru

115 1990 302 2048 securitatem
334 1989 421 2047 etiam
451 1990 606 2048 autoritate
637 1991 726 2063 rogia.
775 1990 869 2060 Quare
900 1991 943 2048 ire
975 1988 1110 2046 constitui
1137 1985 1260 2056 omniuo,

113 2094 230 2168 quando
251 2094 361 2152 scilicet
381 2094 437 2151 erit
458 2091 527 2150 milri
547 2092 613 2150 hiuo
632 2092 805 2165 abeundum,
828 2100 859 2150 ut
880 2109 933 2168 per
953 2094 1091 2152 minorem
1111 2091 1261 2150 Poloniam

112 2199 250 2269 redeam,
282 2214 367 2272 quum
389 2215 441 2270 per
461 2199 600 2280 majorem
622 2197 768 2267 venerim,
799 2213 853 2254 nou
886 2197 1004 2267 dubito,
1036 2197 1104 2270 quin
1125 2196 1196 2254 velit
1216 2211 1260 2253 rue

113 2309 182 2362 ante
202 2317 300 2375 regem
315 2310 345 2361 et
362 2302 488 2375 reginam
500 2301 650 2361 collocare.
671 2301 726 2359 Sed
743 2301 803 2359 haec
813 2301 889 2372 apud
900 2301 1031 2360 Vestrum
1044 2299 1260 2359 celsitudinem.

113 2407 206 2465 Valeo
226 2406 354 2479 pulchre,
376 2405 484 2476 laboro,
505 2421 628 2464 exerceo
643 2405 689 2464 lrie
704 2421 818 2479 quoqne
836 2406 1037 2480 typographos,
1060 2396 1261 2476 paroaliquid,

114 2511 191 2585 quod
211 2511 300 2583 regie
321 2511 466 2583 majestati
483 2509 610 2569 oderam.
639 2510 751 2570 Bellum
766 2529 829 2572 cum
846 2509 1085 2571 Livoniensibus⁸
1101 2508 1263 2568 extrahitur

113 2620 197 2672 extra
227 2615 381 2672 instantem
408 2613 544 2680 hiemem;
573 2611 668 2672 forsan
690 2614 804 2673 interea
824 2615 904 2674 Deus
925 2615 1060 2674 ostendet
1081 2616 1153 2672 riam
1174 2614 1262 2686 pacis,

115 2728 145 2779 et
166 2726 235 2778 suut
256 2719 371 2793 quidem
392 2720 595 2790 tractationes;
624 2718 742 2779 fuerunt
763 2721 839 2778 euim
860 2720 906 2778 ldc
926 2719 1014 2792 legati
1037 2718 1140 2776 ducum
1161 2717 1263 2775 Pome-

114 2826 204 2884 rauiae
232 2823 371 2892 tresviri
399 2817 483 2883 certe
508 2827 667 2899 prudentes
694 2843 728 2884 ac
754 2825 875 2898 prefecti
905 2832 972 2883 sunt
1002 2825 1040 2888 nd
1066 2823 1263 2882 Lirouieuses.

115 2932 173 2987 Oro
204 2937 345 2986 aeternum
377 2935 487 2998 patrem
517 2927 624 2986 domiui
650 2929 742 2986 nostri
761 2929 831 2987 Jesn
853 2928 976 2995 Christi,
1005 2935 1038 2987 nt
1058 2927 1265 2987 Celsitudiuom

115 3033 249 3091 Vestram
271 3049 333 3090 cum
359 3037 422 3090 lota
448 3031 558 3091 familia
578 3039 608 3090 et
629 3039 692 3090 loto
712 3049 802 3106 reguo
823 3040 920 3092 servet
950 3034 999 3091 diu
1028 3031 1199 3090 incolumem
1226 3031 1263 3090 ad

115 3137 230 3197 laudem
253 3137 326 3207 ejus.

139 3352 143 3360 .
192 3266 379 3339 Regiomouti
400 3269 438 3323 ‘24
459 3266 583 3340 Augusti
608 3267 691 3322 1556.

895 3370 1001 3429 Servus
1022 3355 1186 3443 vergerius.

670 3627 716 3678 48.

414 3753 541 3836 Verger
564 3775 605 3816 an
632 3751 752 3835 herzog
777 3750 962 3839 Christoplr.

446 3884 626 3956 lidnigsbcrg
651 3887 684 3939 14
707 3883 832 3941 October
855 3885 938 3941 1556.

186 4124 199 4175 l
220 4120 247 4174 S.
267 4138 295 4173 n.
316 4121 358 4183 45,
377 4136 450 4172 eum.

185 4204 352 4261 alladzivil
376 4224 396 4258 s.
415 4223 441 4259 n.
461 4208 503 4259 16.

183 4295 200 4347 3
220 4280 300 4347 Uber
320 4291 416 4346 diesen
435 4291 554 4364 kriegs.
575 4292 615 4347 br.
635 4297 676 4347 45.
