2768 4740
652 256 716 316 292
1194 247 1259 303 titt

113 434 177 509 (qui
197 432 293 497 rediit,
313 438 346 487 ut
365 428 465 491 nodio)
485 426 532 483 cui
552 426 726 497 cupivissem
746 440 841 481 meum
861 430 997 494 nepotem
1010 420 1191 495 ndjuugere.
1220 423 1261 480 in·

113 537 214 596 tellexi
233 533 369 600 aliunde,
400 539 430 586 et
458 528 535 602 quod
562 529 652 600 ntiqui
678 526 806 598 theologi
825 526 933 582 sintin
953 526 1098 593 Gellium,
1127 526 1262 599 colloquii

112 655 201 701 must
218 635 385 695 mittendi¹
427 633 577 692 tandm
598 632 692 702 Deus,
717 633 766 704 qui
793 633 942 702 negotium
961 631 1085 689 deduxit
1105 631 1259 704 humoque,

114 743 163 815 qui
182 741 281 811 coepit,
301 736 441 809 perficiet
480 735 595 793 Eloctio
614 734 684 790 mihi
705 733 821 791 ridetur
838 751 858 792 a
876 733 988 806 Spiritu
1008 742 1112 793 sunnio
1138 732 1264 804 intrim

113 862 172 918 qno
190 845 250 902 scio
270 843 383 901 Vostrae
404 839 593 898 Celsitudinis
612 839 733 896 consilia
751 839 917 910 gubermri.

192 949 258 1007 Jum
278 963 314 1005 en
334 945 501 1017 dignabitur
523 943 592 1018 (pro
620 959 673 1000 sun
698 944 868 1019 clementia)
894 961 987 1016 pona
1013 943 1148 1018 qnaethm
1173 944 1263 1002 consi

113 1056 228 1124 doure,
249 1068 314 1123 quae
333 1052 428 1108 sentio
447 1048 518 1105 mihi
537 1047 575 1105 uh
595 1047 699 1104 eodem
717 1049 822 1119 spiritu
843 1048 968 1120 suggeri
1000 1048 1144 1106 Pemtno
1164 1054 1266 1121 posteo

115 1161 213 1216 omnis
233 1156 337 1214 Vestro
356 1152 571 1225 supientisdmo
598 1151 718 1222 iuditio.
769 1152 831 1223 Ego
850 1168 912 1210 rem
942 1169 1085 1226 exponam
1115 1152 1265 1210 duntuxst

116 1268 251 1338 Agnosco
270 1259 526 1319 imbecillioitstcm
547 1260 603 1316 mei
623 1257 743 1328 ingenii,
764 1275 818 1314 nec
837 1275 883 1316 me
904 1276 970 1316 eum
990 1275 1068 1326 esse,
1088 1257 1139 1330 qui
1159 1254 1266 1327 possim

114 1370 144 1426 in
165 1368 224 1426 ullo
243 1366 385 1436 colloquio
405 1365 549 1423 sustinere
577 1380 627 1421 eus
655 1372 767 1434 partes,
795 1381 868 1434 quus
894 1365 1088 1423 colloootores
1113 1363 1267 1432 sustinent,

115 1474 220 1533 snltem
240 1469 480 1548 quemodmodnm
502 1480 569 1527 snut
595 1471 632 1536 ii,
659 1471 708 1542 qui
736 1472 903 1540 mittuntur,
927 1471 977 1542 qui
1004 1485 1075 1528 sune
1104 1475 1175 1527 suut
1193 1466 1267 1525 bene

116 1576 269 1636 exercitati
289 1576 319 1632 in
340 1591 376 1632 eu
395 1591 428 1632 re
455 1581 545 1646 utque
569 1574 756 1631 excellentes.
797 1573 905 1629 l'ernm
932 1575 962 1631 in
988 1571 1075 1631 simili
1106 1572 1269 1642 occasione,

116 1698 181 1740 enm
199 1688 292 1740 totum
313 1696 434 1751 regnum
454 1679 493 1735 sit
512 1695 617 1749 magno
637 1679 666 1735 in
687 1686 784 1746 motu,
812 1695 885 1750 opus
904 1694 969 1736 esso
990 1677 1075 1736 rideo
1095 1693 1154 1734 non
1175 1676 1269 1734 solum

117 1786 288 1852 hominibus,
309 1785 359 1858 qni
379 1787 409 1841 in
430 1784 574 1857 colloquio
585 1784 739 1842 veritatem
748 1782 917 1853 detendunt,
937 1783 990 1841 sed
1008 1782 1076 1840 eliis
1095 1779 1269 1854 quibusdum

117 1905 181 1945 esse
202 1905 274 1961 opus
294 1890 323 1944 in
344 1887 432 1945 rehns
450 1887 576 1958 politicis
595 1886 676 1960 (qne
696 1900 793 1944 tumen
814 1889 873 1945 sint
892 1904 954 1944 cum
975 1888 1109 1944 doctrina
1123 1886 1271 1958 evangelii

115 1991 278 2060 conjuncte
299 1997 387 2062 utque
406 1987 521 2065 affines)
542 1989 672 2046 nonnihil
694 1991 856 2056 exercitsti,
877 1993 928 2062 qni
949 1991 1058 2050 sdlicet
1074 1992 1189 2063 possint
1202 2007 1271 2050 con·

118 2096 227 2152 tersuri
249 2094 296 2151 hic
315 2101 346 2149 et
365 2093 427 2150 illic
444 2109 508 2149 cum
528 2091 657 2163 regimi’,
678 2110 743 2150 rum
757 2109 828 2164 rege
842 2093 989 2164 Nurum,
1009 2111 1075 2152 cum
1095 2093 1271 2168 quibusdum

118 2197 315 2258 cardinalibus
336 2196 471 2264 Gallicis,
498 2199 547 2268 qni
568 2205 687 2268 gustant
707 2197 812 2255 bonu·
832 2199 951 2256 terbum
972 2199 1028 2257 Dei
1040 2199 1068 2268 ⁸,
1094 2208 1186 2272 atquo
1207 2215 1270 2257 oum

118 2304 185 2361 aliis
205 2301 387 2374 primoribus,
408 2308 497 2371 atque
517 2300 647 2358 fortassis
668 2302 754 2357 etium
776 2318 839 2357 ωι
859 2303 922 2373 ipso
936 2302 1083 2360 l'errnriae
1098 2302 1270 2362 curdiuule‘

119 2408 156 2474 (si
176 2423 248 2480 opus
267 2405 354 2464 luerit
375 2405 545 2479 aliquando)
565 2413 596 2461 et
616 2422 672 2461 non
694 2405 812 2462 dubium
834 2414 888 2475 est,
909 2408 979 2478 quin
1000 2407 1068 2465 tulis
1087 2409 1270 2466 conuersatio

119 2515 208 2583 possit
229 2511 346 2583 aliquod
367 2509 545 2568 commodum
566 2507 672 2565 afferre
693 2516 799 2566 nostru
820 2525 923 2566 oense.
963 2510 1043 2580 Scio,
1072 2528 1119 2569 nte
1140 2512 1201 2569 illic
1223 2513 1271 2582 bez

118 2617 189 2674 bero
202 2615 338 2684 lautores,
360 2617 429 2684 scio,
451 2621 594 2686 praetereo
608 2615 710 2671 adosse
732 2614 843 2686 aliquot
864 2615 952 2673 italos
972 2618 1066 2686 magni
1087 2631 1142 2688 per
1157 2616 1270 2676 Itulitttn

193 2904 205 2955 l
226 2902 261 2954 Fi
286 2918 379 2954 waren
398 2899 491 2954 lakob
510 2899 621 2952 Andreti
646 2910 678 2966 ts.
704 2918 730 2952 n.
754 2903 812 2960 111.
840 2900 933 2955 Jckob
952 2901 1064 2954 Beurlin
1083 2903 1115 2968 (s.
1134 2903 1184 2969 49)
1212 2905 1268 2957 und

121 2988 270 3041 Bulthusur
289 2985 480 3046 Bidemhnch,
510 2985 689 3054 hoiprediger
706 2985 755 3039 des
774 2985 897 3056 herzogs.
933 2990 950 3040 ’2
968 2988 1090 3042 October
1115 3007 1211 3044 waren
1229 2990 1270 3045 nie

122 3073 281 3142 abgereist‚
307 3073 410 3127 humen
438 3074 469 3125 19
488 3073 610 3126 October
635 3074 663 3126 in
685 3074 760 3141 Paris
785 3093 835 3130 en:
866 3075 977 3129 Beurlin
1004 3076 1074 3130 128
1092 3076 1216 3133 October
1235 3097 1270 3133 uu

119 3161 170 3214 der
192 3164 268 3229 pest:
295 3159 489 3213 9November
516 3159 615 3214 hatten
634 3160 679 3213 dio
698 3161 765 3214 zwei
785 3162 890 3215 anderu
911 3162 970 3216 ihre
989 3168 1062 3218 erste
1080 3163 1203 3218 audieur
1225 3165 1270 3220 boi

121 3245 248 3300 Navarra
267 3246 324 3298 und
345 3248 374 3299 11
396 3245 466 3300 Nov.
484 3247 530 3299 die
549 3247 665 3310 zweite;
690 3249 744 3302 den
763 3251 795 3303 21
816 3248 920 3303 Novbr.
940 3250 1040 3305 hatten
1058 3252 1098 3306 sie
1118 3253 1166 3306 die
1184 3252 1271 3307 lotzte

120 3333 240 3387 audiens
258 3334 314 3386 und
332 3333 451 3386 kehrten
471 3334 575 3388 wieder
588 3336 661 3388 nach
672 3335 866 3390 Deutschlsnd
879 3337 991 3401 zurich,
1009 3339 1082 3394 ohne
1100 3341 1191 3394 etrus
1208 3357 1272 3394 sns-

121 3418 261 3489 genehtet
279 3438 311 3472 zu
331 3420 440 3483 haben,
468 3421 504 3474 da
532 3423 582 3476 das
610 3422 779 3492 colloquium
806 3424 852 3478 bei
877 3425 952 3479 ihrer
975 3426 1098 3480 sumit
1115 3428 1204 3483 echon
1224 3446 1272 3499 ge

120 3506 261 3561 schlossen
288 3525 358 3570 πη
386 3509 460 3561 siehe
480 3510 606 3562 Andreiss
630 3510 739 3563 bericht
765 3510 793 3562 in
820 3511 894 3565 sumu
914 3512 1064 3568 Andreunu
1089 3515 1150 3568 und
1175 3517 1271 3581 Eoum,

122 3595 193 3648 Beue
214 3593 249 3655 11,
266 3595 318 3647 419
336 3594 364 3645 ft.

192 3682 208 3733 2
228 3681 384 3736 liutharius
406 3699 459 3736 von
479 3685 588 3739 Medici.

191 3770 207 3821 3
227 3769 253 3820 Z.
273 3770 300 3822 b.
319 3771 368 3823 der
388 3769 500 3824 bischoi
516 3772 627 3826 llouluc
648 3790 700 3826 von
716 3774 846 3835 Valence,
866 3776 915 3830 der
933 3778 1061 3832 cardinal
1080 3778 1240 3835 Chutilion.

192 3856 364 3926 lHippolyt
394 3875 447 3911 von
475 3858 555 3919 Este,
583 3878 604 3911 s.
624 3861 665 3912 br.
685 3880 710 3913 n.
733 3865 780 3923 lo,
809 3863 886 3933 legat
910 3864 959 3918 des
983 3868 1097 3933 papstos
1116 3866 1147 3919 iu
1167 3866 1274 3935 Poissy.

122 3946 155 3996 io
174 3945 339 4012 September
360 3948 423 3998 1561
446 3963 504 3998 war
522 3963 552 3998 er
570 3946 621 3998 mit
641 3947 704 4001 dem
720 3949 958 4020 jesuitengeneral
978 3950 1086 4015 Luinez,
1105 3954 1161 4007 mit
1180 3952 1274 4008 liuret

123 4030 180 4085 und
198 4031 351 4099 sonstigom
370 4031 477 4102 grossen
496 4033 609 4102 gesolge
634 4036 853 4105 angelrommen;
879 4037 954 4091 seine
979 4037 1103 4105 autgabe
1122 4056 1201 4104 rtur,
1226 4041 1276 4095 dns

122 4117 390 4185 zmtendekommen
408 4119 484 4173 eines
503 4118 738 4174 nationalconcils
756 4141 789 4176 nu
809 4123 929 4178 hindern
951 4125 1008 4178 und
1026 4128 1125 4180 Anton
1144 4144 1202 4182 von
1220 4127 1275 4183 Nu·

123 4221 202 4255 turra
222 4220 275 4257 ron
295 4205 345 4259 der
364 4204 621 4274 protestantischen
641 4208 751 4275 parthoi
771 4209 920 4280 sbwendig
932 4230 965 4265 zu
979 4212 1106 4268 macheu.
1135 4214 1164 4268 S.
1177 4215 1275 4277 Bubul,

123 4288 192 4340 Beue
214 4289 315 4351 11,:lttl
338 4292 366 4344 ff.
403 4292 428 4344 S.
448 4312 474 4345 n.
498 4293 554 4345 130.
576 4294 633 4346 131.
656 4297 713 4348 133.
735 4296 792 4349 134.
813 4300 871 4352 ltl.
