2768 4740
101 279 184 379 ‘15⁰⁰
425 338 427 343 ,
661 284 722 343 237

112 450 316 525 positionem,
331 467 478 524 nunquam
504 453 580 508 enim
607 451 685 508 volui
714 450 919 508 illustrissime
949 449 1121 508 Celsitudini
1148 451 1258 508 Vestrae

113 556 217 626 dicere,
239 571 275 613 ne
295 555 412 613 viderer
430 562 482 614 aut
500 558 691 628 importunus,
712 562 763 613 aut
783 554 877 613 miuus
895 554 1083 622 Christianus,
1106 557 1186 627 quasi
1209 569 1263 626 ego

112 661 141 717 in
162 659 246 731 eulpa
267 660 324 716 ulio
344 658 428 717 modo
446 674 552 730 essem;
574 674 631 716 non
646 673 709 715 suni
723 658 808 727 enim,
822 658 902 716 Deus
916 658 978 728 scit,
999 674 1075 714 nunc
1095 672 1184 729 cogor
1203 673 1265 715 rem

113 761 294 835 patefacere,
318 764 379 836 jain
406 763 483 821 enim
510 779 602 820 annus
635 768 680 819 est
707 767 757 819 aut
788 761 925 835 amplius,
951 761 1007 833 quo
1028 760 1187 819 Scalichius
1212 776 1265 821 nec

114 865 169 925 init
188 869 218 926 in
239 868 311 926 meis
331 865 442 925 edibus
463 881 517 925 nec
537 882 581 923 me
603 866 776 938 alloquitur,
808 866 866 925 imo
895 865 1079 938 persequitur
1109 881 1154 923 me
1185 864 1265 922 miris

115 971 216 1042 modis,
238 978 268 1030 et
282 972 434 1030 tacuissem
449 987 524 1028 nunc
540 972 625 1029 etium
641 971 795 1043 patienter,
817 969 868 1028 sed
884 976 1055 1041 provocatus
1074 970 1191 1042 loquor3
1214 984 1267 1026 uec

116 1076 199 1146 pluro
219 1076 255 1134 de
276 1077 329 1134 hoc
348 1091 434 1133 cansa
455 1074 556 1144 dicum,
578 1074 658 1132 Deus
678 1074 790 1145 mitiget
812 1073 920 1132 ferocia
940 1075 1055 1146 ingenie
1075 1079 1105 1131 et
1131 1074 1265 1144 carnalia,

118 1196 174 1238 non
204 1180 292 1238 deero
313 1197 366 1251 ego
393 1196 457 1237 meo
485 1177 588 1249 officio,
616 1185 648 1236 ut
669 1177 864 1237 Christianum
884 1194 975 1250 agani.
1016 1177 1192 1237 Commendo
1219 1194 1264 1236 nie

118 1283 422 1353 Celsitudiuivestrru
445 1282 534 1342 Pater
554 1283 682 1341 coelestis
702 1283 744 1340 illi
764 1290 870 1354 augeat
890 1299 957 1340 suos
976 1282 1090 1340 divinos·
1106 1283 1266 1353 thesauros,

119 1389 250 1462 spiritum
273 1394 302 1445 et
322 1386 409 1445 fidem
430 1401 484 1459 per
505 1386 650 1445 Christum
672 1386 816 1445 dominum
839 1393 976 1445 nostrum.

197 1518 335 1590 Tubingre
356 1520 374 1574 8.
396 1518 444 1576 die
464 1519 535 1578 Julii
560 1521 642 1576 1560.

422 1639 624 1697 1niitiissimae
646 1639 833 1699 celsitudinis
855 1640 966 1699 vestie
1024 1610 1027 1617 ’

706 1765 829 1821 servitor
849 1761 1012 1821 Ludovicus
1034 1762 1189 1834 Vergerius

739 1883 791 1937 pro
813 1866 953 1941 Vergerio
974 1871 1142 1939 egrotante.

275 1993 461 2066 Postscripta.

200 2098 298 2170 Qualis
317 2098 355 2156 sit
375 2114 438 2156 mea
458 2098 609 2171 agritudo,
642 2115 707 2172 quae
728 2099 832 2157 nudius
852 2099 956 2156 tertius
976 2099 1080 2171 coepit,
1111 2103 1199 2171 cogor
1219 2098 1269 2185 de-

119 2203 247 2272 eierare,
279 2198 378 2261 ea'est
405 2203 537 2275 paralisis
565 2211 595 2262 et
615 2202 731 2263 Domini
752 2203 884 2261 uoluntas
904 2201 972 2269 fiat:
1003 2211 1109 2275 metuo,
1140 2220 1176 2261 ne
1202 2201 1269 2262 ficui

121 2303 252 2362 omnibus
278 2306 402 2377 negotiis
431 2304 580 2376 inhabilis3
611 2306 716 2364 iterum
738 2307 817 2366 dico:
838 2306 955 2392 Domini
976 2307 1108 2366 voluntas
1128 2305 1194 2380 fiut3
1224 2314 1270 2365 est

119 2414 216 2467 tumen
236 2410 406 2481 principium
427 2410 532 2479 debile,
554 2410 693 2484 quidquid
713 2413 751 2470 sit
770 2412 906 2478 futurum,
928 2413 1040 2484 nesci03
1069 2418 1137 2470 utor·
1157 2411 1269 2471 duobus

120 2513 238 2570 medicis
253 2513 357 2571 Fuscio
373 2520 401 2569 et
413 2512 544 2572 Rncbero
557 2514 575 2585 ¹,
596 2531 768 2588 quamquam
782 2521 881 2575 autem
901 2531 958 2574 non
978 2516 1069 2574 desim
1089 2532 1153 2575 meo
1174 2514 1269 2574 officio

121 2623 150 2673 et
171 2633 319 2676 numerem
340 2619 456 2691 utrique
477 2634 529 2691 pro
551 2621 694 2678 tenuitate
706 2637 777 2692 meu
799 2627 895 2678 tomen
916 2619 1068 2692 prodesset
1081 2619 1158 2677 haud
1172 2619 1268 2691 dubie,

121 2724 145 2778 si
167 2720 361 2780 illustrissima
382 2721 530 2781 celsitudo
550 2725 656 2782 Vestra
676 2742 768 2784 meum
790 2740 904 2783 oausam
926 2725 1040 2798 utrique
1062 2723 1171 2783 medico
1192 2741 1268 2783 com·

122 2825 287 2896 menduret;
318 2833 413 2884 tamen
435 2825 530 2898 iaciat,
559 2835 591 2886 ut
616 2830 685 2887 vult.
726 2829 843 2888 Tertius
870 2845 960 2902 nepos
988 2828 1110 2887 duorum
1136 2828 1269 2899 oliorum,

123 2929 171 3002 qui
194 2946 304 2988 mecum
324 2937 408 2999 suut,
429 2931 534 3004 irater,
555 2934 636 2991 uenit
657 2949 693 2993 ex
713 2934 811 3006 ltalia,
839 2939 872 2992 ut
892 2949 937 2991 me
958 2933 1079 3005 invisat,
1106 2949 1160 2991 nec
1179 2934 1269 2992 latine

122 3048 175 3089 nec
192 3033 355 3104 germanice
368 3034 430 3104 scit,
452 3034 521 3107 quid
536 3037 650 3104 attinet,
672 3043 705 3094 nt
718 3038 747 3095 in
763 3043 945 3109 conspectum
960 3036 1147 3096 celsitudinis
1156 3038 1269 3095 Vestrae

123 3138 234 3208 veniat;
255 3154 319 3195 cuni
340 3143 436 3196 tamen
456 3139 611 3199 adduxerit
631 3158 729 3199 canem
750 3144 907 3214 turcicum,
935 3158 1020 3216 quem
1041 3140 1187 3200 existimat
1207 3158 1270 3200 esse

124 3240 207 3298 vaide
226 3240 331 3300 bonum
352 3247 383 3299 et
402 3242 558 3314 insignem,
588 3259 653 3301 eum
673 3243 880 3303 Illustrissime
900 3217 1070 3303 Celsitudiui
1091 3245 1204 3303 Vestrae
1224 3260 1271 3305 re·

124 3351 261 3402 verenter
280 3343 356 3402 dono
377 3344 436 3413 dat,
457 3345 619 3405 adducebat
640 3345 763 3405 alterum
785 3347 879 3420 simul,
900 3348 952 3407 sed
971 3348 1060 3420 periit
1079 3349 1109 3406 in
1129 3351 1185 3408 viu

673 3607 721 3666 97.

429 3735 554 3821 Verger
576 3759 619 3802 an
640 3737 760 3825 herzog
781 3737 966 3837 Christoph.

499 3866 649 3939 Tubingen
674 3869 708 3926 12
729 3867 789 3927 Juli
813 3871 898 3928 1560.

194 3991 291 4046 Dankt
308 3992 354 4047 sur
372 3993 426 4048 den
450 3993 509 4048 ihm
533 3968 724 4065 zugesandten
748 3995 869 4052 leibarrt
896 3996 945 4051 der
972 3996 1103 4066 herzogs,
1134 3994 1276 4052 berichtet

129 4084 197 4140 iiber
209 4086 362 4142 Scalichiur
380 4089 438 4142 und
455 4089 565 4146 schiokt
583 4089 645 4145 eine
665 4090 802 4147 abschrift
820 4092 909 4147 seinos
927 4094 1094 4147 testamento
1112 4091 1145 4159 (a.
1156 4109 1183 4145 n.
1196 4092 1272 4160 972).

693 4214 708 4248 ᾖ

199 4311 209 4362 i
231 4310 353 4367 Miehuel
369 4311 487 4375 Ruoker,
504 4311 559 4366 seit
579 4313 647 4368 1534
665 4313 699 4367 dr
718 4313 775 4368 und
793 4313 933 4384 professor
950 4314 1001 4369 der
1011 4301 1143 4369 medioiuss
1165 4299 1273 4382 iiiol.
