2768 4740
663 281 724 344 165

656 532 727 588 tila.

115 651 250 715 Summe
285 672 394 714 earum
428 672 554 729 rerum,
590 673 659 735 quae
691 648 863 735 Vergen'as
897 673 935 714 ex
965 649 1098 714 Austris
1130 649 1263 728 rediens,

412 761 645 848 christophoro
669 763 740 827 duci
765 762 972 827 renuntiavit.
1006 763 1009 769 ’

651 886 735 943 1558.

188 986 337 1041 Gedruclrt
355 984 401 1038 bei
420 985 559 1051 Fischlin,
586 986 720 1042 memoria
744 986 938 1056 theologorum
957 983 1264 1054 Whtembergensium.

116 1082 179 1136 Ulm
202 1084 280 1137 1710.
298 1079 389 1150 suppl.
410 1079 468 1134 122.
507 1082 562 1137 Das
581 1082 679 1137 datum
699 1083 767 1136 1556
786 1099 859 1135 muss
879 1079 1075 1136 1558151155.

193 1179 313 1247 Omnia,
342 1195 405 1251 quae
427 1179 463 1235 de
484 1180 571 1237 rebus
592 1178 752 1236 Austriacis
773 1177 922 1248 narravi¹,
951 1193 985 1236 eo
1005 1176 1182 1249 potissimum
1202 1182 1265 1233 ten·

114 1283 196 1352 dunt,
218 1289 252 1341 51
262 1283 368 1340 Vestra
378 1281 576 1340 Illustrissima
587 1281 736 1341 celsitudo
748 1282 901 1354 intelliget,
915 1281 1022 1351 Papam
1034 1280 1141 1337 nullam
1151 1287 1265 1351 1515555

112 1387 327 1456 intermittere,
350 1401 407 1458 quo
427 1401 480 1457 per
501 1400 568 1440 suos
586 1384 710 1455 jesuitae
731 1383 844 1456 aliaque
865 1383 1055 1441 instrumenta
1076 1387 1106 1438 51
1125 1380 1266 1452 practicae

116 1508 172 1549 non
195 1491 282 1548 anxie
304 1494 416 1562 quaerat
435 1487 604 1544 subvertere
627 1486 699 1544 bene
714 1493 822 1556 coeptas
835 1485 1056 1544 reformationes
1070 1483 1264 1555 ecclesiarum,

114 1596 278 1667 5555511115
300 1608 368 1651 vero
389 1591 565 1649 serenissimi
585 1590 775 1649 Maximiliani
795 1591 872 1663 515111
899 1591 1037 1661 animum,
1066 1589 1142 1647 hunc
1168 1583 1265 1646 155155

119 1716 238 1756 5155555
260 1702 449 1762 constantem,
470 1695 532 1753 lieo
553 1696 663 1767 gratim.

198 1802 264 1860 Dixi
285 1801 432 1873 imprimis,
454 1800 583 1856 nuntium
605 1799 793 1870 apostolicum
814 1798 1010 1856 Maximiliono
1032 1798 1136 1856 dixisse
1156 1798 1265 1867 Ρ55551

116 1907 165 1983 (51
177 1907 366 1964 ulcisceretur
380 1904 550 1976 Philippum,
567 1904 680 1976 Angliae
700 1902 812 1977 regem)
834 1918 865 1959 se
885 1902 959 1960 velle
980 1901 1177 1959 illustrissimis
1192 1901 1264 1958 Ger·

115 2011 219 2069 maniae
247 2009 423 2084 principibus
457 2009 577 2066 liberam
610 2009 776 2080 relinquero
810 2005 996 2078 religionem,
1028 2004 1180 2063 dummodo
1208 2020 1265 2061 555

114 2132 178 2173 cum
198 2117 260 2188 ipso
276 2115 356 2185 Papa
376 2121 513 2184 caperent
532 2128 613 2170 arma
633 2118 735 2171 contra
752 2110 885 2170 Cnrolum
907 2112 1043 2182 Quintum
1063 2116 1152 2183 atque
1173 2111 1263 2181 ipsum

113 2219 295 2291 Philippeum
323 2219 473 2290 ipsumque
493 2217 580 2290 Papae
600 2218 733 2274 nuntium
760 2233 794 2275 se
816 2218 961 2288 jactasse,
992 2215 1068 2288 quod
1095 2216 1177 2287 Ρ555
1203 2217 1264 2287 jam

113 2325 253 2380 traxisset
274 2321 425 2379 ailbertum
446 2320 737 2392 Brandebmgcnsem
757 2322 786 2378 iu
808 2336 874 2378 suas
894 2327 1001 2394 555155.

194 2425 307 2483 Deinde
330 2425 399 2495 dixi,
421 2425 544 2497 Papam,
572 2423 648 2483 15515
667 2441 737 2497 5555
759 2425 1264 2498 5515Ρ1111155ο,1111515555555515·

112 2531 189 2588 rium
211 2530 248 2587 ed
269 2529 486 2587 Ferdinandum
507 2527 559 2585 sub
579 2545 704 2601 persona
724 2545 776 2588 seu
797 2530 877 2588 larva
901 2531 1033 2603 jesuitae,
1065 2530 1114 2603 qui
1141 2528 1264 2600 primum

111 2640 357 2707 conquereretur,
387 2636 479 2704 ipsum
500 2632 714 2691 Ferdiuandum
741 2635 824 2691 nimis
849 2631 952 2692 lavisse
980 2633 1122 2705 colloquio
1143 2633 1264 2690 Vorms·

112 2741 213 2810 ciensi,
236 2740 277 2795 115
298 2745 331 2796 51
351 2740 442 2810 155551
463 2738 636 2811 colloquium
657 2738 815 2811 procedere
830 2739 981 2811 potuisset,
1003 2737 1059 2795 nisi
1073 2737 1264 2794 collocutores

113 2843 247 2901 catholici
268 2841 390 2900 luissent
410 2842 565 2914 diligentes
593 2849 623 2901 51
650 2845 824 2902 secretarius
850 2843 900 2901 ille
929 2843 1037 2900 diserte
1067 2842 1157 2912 dixit,
1188 2839 1264 2911 quod

113 2946 202 3020 Papae
223 2944 308 3002 valde
330 2962 428 3003 carum
448 2944 551 3017 luerit,
581 2946 658 3018 quod
678 2946 748 3004 dicti
769 2947 959 3005 collocutores
979 2947 1153 3020 colloquium
1173 2945 1264 3002 inter·

112 3050 305 3108 turbaverint.

193 3152 262 3210 Dixi
283 3152 369 3210 etiem
392 3150 428 3210 de
450 3151 504 3209 hoc
524 3153 681 3210 secretorio
700 3153 824 3226 jesana,
845 3153 923 3226 quod
944 3155 1049 3214 dixerit
1069 3151 1264 3223 Ferdinendo,

113 3258 221 3329 Papam
252 3257 405 3329 conqueri,
436 3257 512 3330 quod
539 3257 688 3331 Philippus
715 3261 865 3330 pauciores
889 3262 949 3334 jorn
977 3260 1120 3320 comburit
1145 3265 1265 3333 propter

113 3362 326 3448 confessionem
348 3369 454 3420 nostrae
475 3361 551 3434 fidei,
573 3379 657 3435 quam
678 3381 731 3422 rex
751 3364 907 3424 Gallorum.

194 3468 270 3537 Dixi,
292 3454 521 3525 Maximiliehum
536 3469 661 3526 noluisse
682 3469 719 3526 ad
740 3486 771 3527 sc
792 3469 946 3528 admittere
967 3466 1263 3539 555551551551111551,

113 3575 161 3645 qui
183 3572 411 3631 15511515515111
431 3588 511 3630 susm
530 3573 640 3644 regiam
653 3573 853 3632 celsitudinem
868 3563 1017 3644 accedere,
1038 3573 1156 3645 edjntus
1177 3572 1264 3630 etiam

114 3695 132 3735 5
150 3677 279 3735 Μ551155
301 3676 338 3733 de
360 3677 497 3749 Guzman,
518 3678 571 3735 sed
592 3677 679 3736 fuisse
700 3685 828 3749 spretum
849 3684 1103 3751 51555151551515.

190 3780 311 3852 Addidi,
328 3780 452 3838 eundern
462 3780 688 3838 Maximilianum
706 3781 801 3840 solere
815 3782 943 3854 graviter
953 3781 1107 3855 objurgare
1120 3788 1149 3839 51
1158 3795 1263 3838 vexare

114 3887 215 3943 donam
236 3887 521 3957 vicecancellarium,
550 3887 663 3960 quando
685 3904 750 3945 eum
777 3887 860 3947 audit
886 3887 1006 3945 laudare
1027 3884 1263 3958 Ρ5551551115-

115 4005 225 4048 menam
247 3990 407 4048 ecclesiam.

677 4072 693 4104 1

185 4137 196 4188 1
221 4135 330 4206 Verger
348 4153 406 4189 war
424 4152 478 4189 von
497 4133 600 4205 herzog
613 4134 762 4204 Christoph
782 4134 938 4190 veranlesst
955 4134 1074 4196 worden,
1095 4131 1150 4185 den
1168 4130 1263 4184 inhalt

119 4223 190 4279 einer
209 4224 412 4293 unterredong,
433 4223 520 4277 warin
539 4239 568 4276 er
581 4222 677 4276 551555
690 4220 873 4274 reiseberieht
886 4221 1038 4284 erstattete,
1058 4236 1090 4270 zu
1109 4217 1209 4287 555155
1228 4235 1261 4270 au

120 4310 242 4381 bringen,
263 4328 294 4365 er
312 4310 390 4366 holte
405 4310 503 4365 weiter
520 4327 570 4365 5115
586 4309 642 4365 nud
656 4310 742 4383 gierig
755 4309 827 4363 auch
846 4308 897 4362 aui
912 4307 1022 4366 frithere
1041 4306 1131 4365 seiten
1149 4303 1260 4361 aurdclr.
