2768 4740
112 264 181 319 1561
658 268 718 328 301

190 436 387 495 illustrissime
408 433 547 510 Princeps
567 443 597 494 et
618 435 739 493 Domine
760 434 882 493 Domine
904 433 1147 496 clementissime!

190 543 263 600 Heri
284 541 396 615 vesperi
418 542 515 613 accepi
536 539 572 598 ab
592 539 786 598 illustrissimo
798 538 923 596 Prnssioe
944 538 1016 599 duce
1037 541 1159 599 litteras.
1193 541 1263 614 Agit

111 648 229 720 qnidam
251 661 363 703 mecum
390 644 534 702 nonnullis
562 643 628 701 aliis
655 643 690 701 dc
720 641 824 713 rebus,
856 642 908 700 sed
936 642 1052 701 interim
1080 644 1264 703 commendat

110 750 182 809 mihi
212 750 285 809 duos
315 749 515 808 adolescentes
536 749 565 818 ¹,
601 748 757 807 consiliarii
789 747 833 805 sni
865 745 953 819 iiiios,
984 747 1038 805 hnc
1065 749 1166 806 missos
1198 765 1263 807 cunr

112 856 280 930 pedagogo,
302 857 335 910 nt
355 852 461 911 litteris
483 851 553 910 dent
573 866 699 924 operam.
738 850 802 908 Non
824 850 913 909 deero
934 851 991 909 iliis
1014 851 1145 910 omnibns
1166 854 1194 910 in
1217 870 1262 911 re·

114 961 185 1028 bus,
216 960 246 1015 in
276 957 380 1030 quihus
410 962 521 1029 potero.
571 955 635 1014 Scio
667 957 758 1025 enirn,
785 971 831 1014 me
860 955 1065 1014 illustrissimae
1092 955 1263 1016 Oelsitndini

116 1064 228 1123 Vestras
248 1077 310 1119 rem
331 1066 444 1133 gratam
465 1060 623 1130 iacturum,
645 1075 701 1119 non
723 1060 807 1118 modo
828 1058 1020 1119 illustrissimo
1040 1061 1166 1119 Prnssiae
1188 1062 1262 1122 duci.

193 1167 291 1239 spero,
314 1167 366 1224 hac
383 1166 544 1237 septimana
560 1180 764 1223 amanuensem
785 1164 993 1237 absoluturum,
1014 1183 1078 1239 qnae
1099 1166 1212 1238 collegi,
1234 1174 1264 1225 et

116 1288 180 1345 qnae
199 1271 300 1342 scripsi
321 1271 350 1327 in
371 1269 492 1328 thermis
512 1268 765 1342 Gbppingensibus
791 1269 827 1328 de
848 1267 1000 1328 concilio².
1041 1270 1143 1329 Statim
1166 1277 1263 1329 antem

114 1392 249 1449 cuperem
271 1380 386 1448 egomet
400 1375 437 1432 ad
448 1375 582 1433 Vestram
598 1373 824 1432 illustrissimam
839 1373 1055 1445 celsitudinem,
1076 1379 1109 1434 ut
1131 1375 1263 1448 quaedum

114 1482 202 1539 etiam
216 1488 386 1538 reverenter
398 1478 567 1551 conferrem,
590 1484 701 1537 tanturn
717 1478 854 1552 supplico,
876 1483 909 1536 nt
929 1478 1064 1550 dignetur
1085 1479 1153 1552 mihi
1175 1480 1263 1554 signi·

114 1583 212 1656 ficare,
233 1600 301 1642 num
316 1583 394 1641 domi
408 1582 506 1642 iutnra
526 1583 564 1640 sit
585 1588 615 1641 et
634 1581 782 1640 vacaverit
803 1582 844 1639 illi
865 1599 910 1640 me
931 1582 1041 1649 andire,
1064 1599 1116 1655 pro
1137 1600 1190 1641 sna
1207 1585 1264 1643 cle·

113 1691 232 1760 mentia,
253 1704 306 1758 per
327 1703 421 1746 unam
433 1686 573 1744 duntaxat
593 1685 702 1744 horam.

193 1793 257 1864 Ego
278 1807 331 1863 per
355 1791 411 1848 Dei
431 1791 553 1863 gratiam
574 1791 721 1862 aliquanto
743 1789 845 1847 melius
865 1789 973 1861 habc0;
994 1789 1166 1863 profuerunt
1187 1788 1262 1850 onim

114 1895 305 1968 proculdubio
326 1895 454 1960 thermae,
477 1895 638 1966 prasertim
654 1895 808 1952 stomacho.
840 1894 990 1953 Landetur
1003 1895 1092 1954 Dens.
1120 1896 1184 1969 Ego
1206 1913 1262 1957 non

111 2000 200 2059 aliam
220 1999 257 2059 ob
273 2016 391 2067 ¹causam
412 2015 474 2056 snm
494 2005 650 2070 utcumque
671 1997 811 2056 sollicitus
831 1996 868 2055 de
880 1997 1045 2058 valetudine
1065 2001 1265 2073 recuperanda

113 2107 151 2180 (si
173 2105 253 2163 Dens
280 2101 438 2178 voluerit),
469 2103 524 2160 nisi
550 2111 581 2158 nt
608 2103 713 2174 possim
739 2117 792 2173 pro
820 2099 895 2158 virili
924 2118 988 2160 mea
1014 2109 1098 2175 parte
1122 2106 1263 2165 inservire

113 2210 246 2267 ecclesia
278 2208 393 2267 Christi.
441 2204 617 2265 Commendo
648 2223 692 2264 nne
720 2213 890 2265 reverenter
915 2206 1028 2264 Vestrae
1060 2207 1264 2268 illustrissimae

113 2312 298 2371 Oelsitndini.
330 2311 464 2370 coelestis
484 2311 573 2369 Pater
589 2314 694 2381 augeat
715 2310 757 2368 illi
779 2326 845 2368 suos
867 2311 978 2368 divinos
999 2312 1159 2383 thesauros,
1181 2301 1265 2386 spiri·

112 2428 175 2476 tnm
198 2424 232 2484 et¹
249 2415 335 2475 fidem
357 2433 408 2488 per
430 2414 576 2474 Christum
596 2415 741 2474 dominum
762 2420 898 2472 nostrum.
1149 2405 1152 2409 ’

195 2521 302 2579 Datnm
323 2518 462 2590 Tubingae
483 2518 530 2576 die
551 2519 588 2575 22
610 2518 743 2578 Octobris
764 2533 838 2576 anno
862 2519 946 2577 1561.

345 2621 547 2682 illustrissime
568 2621 754 2681 celsitudinis
777 2622 1031 2706 Vestroelserritor

1020 2726 1185 2800 Vergerins.

188 2831 293 2888 Hinicn
313 2849 367 2887 ron
386 2831 434 2886 des
453 2831 567 2901 herzogs
585 2829 677 2885 hand:

188 2918 363 2989 belangeudt
383 2918 427 2972 die
446 2918 463 2971 2
478 2918 567 2989 junge
586 2917 704 2973 Preusen
723 2918 812 2973 soilen
830 2934 879 2985 syc
896 2915 949 2986 bey
962 2917 1012 2972 det·
1024 2918 1128 2973 schucii
1149 2919 1177 2973 in
1196 2920 1264 2976 mei·

114 3025 182 3062 nem
202 3007 298 3062 schnic
318 3005 375 3060 rrnd
393 3004 496 3060 schirnr
515 3004 588 3068 sein;

188 3111 251 3148 wan
269 3111 300 3148 er
317 3111 350 3147 zu
369 3092 421 3146 mir
441 3091 512 3156 will,
542 3091 642 3146 wirdet
667 3109 696 3147 er
720 3091 795 3145 mich
814 3090 863 3144 biii
883 3092 1013 3162 dinsiag,
1043 3109 1073 3146 so
1092 3093 1142 3147 clas
1160 3092 1196 3148 ist
1216 3094 1265 3150 dae

115 3184 220 3237 festum
239 3181 359 3235 Simonis
379 3184 408 3234 eb
426 3181 507 3243 inde,
527 3180 603 3234 alhic
622 3198 654 3232 zu
672 3179 780 3234 abendt
799 3179 906 3243 findam

189 3267 379 3323 docimenae
399 3267 469 3322 budh
488 3267 542 3322 wol
561 3267 727 3331 beirhnrnbi,
747 3267 813 3321 herc
833 3267 877 3322 ich
897 3282 975 3337 geru.

665 3500 727 3554 133.

422 3624 544 3710 Verger
571 3573 611 3689 an
637 3626 755 3715 herzog
778 3622 963 3708 Obrisloph.

462 3757 610 3829 Thbingen
635 3759 671 3816 23
693 3756 819 3816 October
841 3760 926 3815 ltcl.

191 3878 288 3933 Dankb
314 3878 358 3931 tur
382 3877 429 3931 ein
457 3877 599 3947 geschenir
624 3894 678 3932 von
706 3878 755 3933 100
774 3876 801 3930 fl.
835 3864 912 3931 iiber
938 3876 983 3932 die
1008 3877 1195 3947 fordernngen
1219 3878 1267 3933 den

687 3976 702 4010 a

191 4054 204 4106 1
225 4053 346 4122 Vergers
363 4053 487 4106 antwort
504 4051 556 4107 anf
571 4052 625 4107 den
644 4051 720 4106 brief
736 4051 783 4106 des
802 4051 916 4120 herzogs
936 4066 989 4104 ron
1003 4049 1131 4104 Prcnssen
1148 4050 1186 4103 ist
1204 4031 1266 4104 rom

116 4140 152 4193 28
172 4137 294 4193 October
315 4139 390 4193 1561.
429 4137 480 4193 Die
499 4138 598 4195 beiden
613 4138 764 4210 jiingiinge
789 4154 884 4192 waren
911 4135 1009 4204 grafan
1035 4152 1086 4189 von
1108 4135 1218 4199 Nostia,
1246 4155 1267 4189 a.

119 4224 302 4280 structuri.
339 4224 366 4278 S.
385 4223 424 4278 br.
446 4227 505 4280 rot.

192 4312 254 4366 28.
275 4329 301 4365 n.
324 4312 380 4369 128.
402 4313 405 4319 ’
