2768 4740
665 453 710 510 59.
735 502 737 508 .

423 574 545 660 Verger
569 597 611 639 an
634 574 751 661 herzog
773 574 957 658 Chrisboph.

490 688 571 745 Wien
594 691 632 746 20
653 687 785 746 Febrnar
809 690 892 746 1558.

184 791 290 860 Verger
309 790 388 861 gisbt
406 790 460 844 den
479 791 572 861 grand
590 809 642 854 au,
676 807 781 844 warram
807 807 836 844 er
861 789 940 845 nicht
959 789 1001 845 als
1019 791 1171 860 gesaudter
1188 790 1259 844 nach

116 889 201 944 Polou
221 886 365 959 geschiekt
385 887 483 941 werde.

193 987 389 1044 illustrissime
411 985 564 1057 Princeps!

194 1090 315 1160 Scriptis
332 1091 392 1157 ‚iam
413 1088 513 1146 alteris
533 1087 638 1146 litteris
659 1088 858 1146 serenissimus
885 1104 936 1144 rex
965 1086 1038 1145 dixit
1065 1086 1112 1144 isti
1141 1102 1192 1143 suo
1220 1087 1260 1142 le·

114 1202 183 1269 gato
205 1211 338 1263 calisam,
371 1208 460 1266 quara
489 1209 544 1249 non
573 1198 655 1261 putet
683 1190 861 1252 consultum.
893 1198 925 1247 nt.
951 1207 1002 1247 sna
1023 1191 1104 1263 regia
1124 1190 1263 1247 celsitudo

115 1299 255 1371 adjungat
275 1297 343 1354 mihi
363 1296 488 1367 aliquem
509 1313 544 1352 cx
570 1297 629 1352 suis
658 1301 744 1368 atqnc
770 1294 807 1351 ad
835 1293 1046 1351 serenissimum
1071 1293 1199 1351 Poloniae
1219 1310 1263 1350 re-

114 1419 179 1473 gem
200 1402 304 1459 mittat..
345 1398 416 1456 llam
439 1399 529 1471 igitur
550 1414 664 1453 calisam
685 1397 746 1468 ipse
770 1395 881 1465 legatus
903 1413 999 1454 etnam
1020 1374 1159 1454 narmbit.
1202 1398 1263 1470 Ego

115 1506 207 1565 debeo
230 1506 313 1563 bodie
336 1504 371 1560 de
394 1521 428 1560 ca
448 1520 510 1560 cmn
532 1503 714 1559 serenissimo
739 1519 808 1573 rege
831 1500 970 1558 calderia.
1014 1504 1129 1561 Utinam
1150 1519 1262 1576 possem

115 1621 145 1669 et
166 1613 228 1684 ejus
250 1610 398 1668 aorrsilinm
419 1611 545 1665 utrtttarcl
579 1625 644 1664 nam
670 1609 783 1665 interea
809 1607 913 1678 undio,
945 1607 1021 1679 ‹pnod
1042 1608 1069 1664 d.
1092 1625 1109 1665 a
1131 1609 1264 1665 laascbo¹

114 1716 143 1772 in
166 1716 285 1773 l'olonia
305 1713 375 1770 nibil
396 1713 518 1770 remittit
540 1712 696 1783 diligentiae
717 1712 745 1769 in
772 1728 824 1767 sna
852 1710 887 1767 de
917 1711 1091 1769 eucharistia
1118 1712 1264 1770 sententia

115 1821 324 1893 promovenda,
346 1829 374 1877 et
397 1820 470 1891 qtind
494 1818 584 1874 mmta
604 1825 670 1874 sunt
689 1817 748 1873 illie
770 1794 805 1873 ob
828 1833 889 1873 cam
912 1833 971 1873 rem
993 1815 1129 1874 scandala
1151 1824 1181 1875 et
1201 1824 1261 1874 tnr-

116 1927 256 1992 butioncs,
279 1931 308 1981 et
329 1923 404 1996 quod
427 1930 521 1980 tamen
543 1923 593 1994 illi,
616 1923 662 1994 qni
685 1931 748 1978 sum
771 1922 797 1978 iu
822 1923 930 1992 trrajora
947 1921 1065 1978 Palania
1086 1921 1197 1995 (paneis
1213 1937 1263 1978 ex-

115 2029 218 2104 eeptis)
239 2036 374 2087 maiieaut
395 2035 569 2085 constantes.

194 2135 389 2192 illustrissime
411 2133 565 2204 Princeps!
597 2132 803 2190 Animadverte
833 2134 907 2189 buue
932 2131 1143 2190 serenissimum
1166 2147 1263 2204 regem

115 2240 190 2298 velle
211 2240 240 2295 in
262 2239 378 2310 longum
400 2238 570 2310 protrahere
594 2237 748 2308 negotium,
771 2237 837 2293 dnm
850 2237 942 2308 possit
962 2237 999 2293 de
1022 2242 1083 2294 tota
1102 2237 1157 2294 bae
1177 2252 1262 2294 eausa

66 2357 70 2365 '
114 2363 177 2404 oum
199 2345 301 2401 Vestra
324 2342 501 2399 Celsitndinc
524 2351 553 2399 et
574 2361 637 2400 cnm
658 2343 721 2399 aliis
743 2342 942 2411 illustrissimis
963 2340 1139 2414 principibus
1168 2355 1262 2398 earam

114 2448 254 2508 conferre.
304 2448 361 2505 Sed
389 2448 503 2504 interca
530 2447 727 2504 animadverto
756 2448 856 2504 ctiam.
889 2446 964 2518 qnod
996 2445 1070 2517 perit
1100 2461 1185 2502 caiisa
1214 2452 1263 2502 ant

115 2559 193 2610 carte
216 2551 299 2609 valde
321 2551 450 2611 deterior
470 2549 609 2607 redditur
653 2550 747 2621 Quare
769 2566 822 2620 per
843 2549 942 2606 Jesulit
966 2549 1109 2607 Cliristnm
1132 2565 1199 2619 oro,
1231 2555 1262 2605 ut
1287 2568 1290 2573 ’

117 2654 264 2714 Celsitndo
287 2654 390 2711 Vestra
411 2654 473 2724 ejus
504 2671 600 2712 auram
626 2654 780 2724 suscipiat,
810 2655 972 2726 praesertim
999 2655 1022 2710 si
1045 2652 1262 2711 Franelrlordiae

115 2777 177 2818 cum
198 2755 266 2815 aliis
284 2758 460 2831 principibus
481 2758 575 2815 sunna
599 2767 650 2815 cst.
695 2759 764 2817 [lico
784 2761 898 2830 iterum,
921 2776 1034 2818 eausam
1056 2760 1129 2818 male
1150 2759 1257 2816 babere

115 2871 144 2920 cl
165 2863 331 2936 periclitari.
364 2863 484 2920 Polonia
506 2865 579 2920 cuim
601 2881 631 2920 se
650 2880 711 2920 cum
725 2864 866 2921 Helvetiis
887 2867 1050 2937 conjungat,
1072 2865 1126 2921 nisi
1150 2864 1260 2921 Vestra

115 2967 308 3024 Celsitudines·
329 2968 515 3039 providerint.

194 3072 265 3129 Volo
287 3072 399 3145 aperire
421 3073 604 3142 mystctium:
636 3073 834 3131 screnissimus
862 3092 913 3132 rex
935 3075 1008 3132 analo
1030 3074 1117 3132 sentit
1138 3073 1174 3130 de
1196 3090 1263 3132 con-

114 3178 238 3236 sessione
262 3176 482 3244 Vallensium&
515 3178 581 3236 ideo
613 3197 669 3237 non
697 3188 778 3251 putat
806 3182 884 3237 illam
905 3181 1128 3252 promovendam
1149 3189 1199 3237 ant
1220 3187 1263 3237 to·

112 3283 270 3341 locandam.
294 3290 324 3339 et
345 3291 440 3340 tanton
458 3283 561 3341 Vestra
575 3286 723 3343 Celsitudo
745 3302 808 3342 cam
830 3287 899 3344 vidit
921 3287 948 3342 in
972 3286 1124 3343 variatione
1147 3291 1175 3342 et
1197 3301 1260 3355 pro·

113 3387 210 3458 barit,‘
230 3396 259 3444 ct
279 3387 362 3446 rrrtrlti
383 3398 526 3457 praetorca
547 3389 703 3448 doctissimi
725 3391 777 3447 riri
799 3391 931 3462 probant.
972 3390 1018 3448 Sic
1040 3406 1087 3445 res
1108 3398 1162 3447 est.
1205 3391 1263 3447 Sua

113 3479 254 3551 serenitas
273 3493 347 3549 male
369 3492 405 3549 dc
426 3492 476 3548 illa
497 3492 675 3551 confessione
697 3496 800 3566 sentit,
829 3513 881 3552 neo
902 3512 1014 3567 possum
1036 3493 1206 3552 abstrahere
1227 3494 1262 3550 ab

113 3597 167 3656 bae
189 3596 342 3655 sententia.

192 3701 366 3759 (lommeudo
387 3718 432 3758 mc
455 3707 625 3758 reverenter
648 3700 758 3759 Vestra
780 3701 959 3760 Oclsitudini.

192 3807 309 3864 Viennae
330 3805 386 3861 XX
408 3804 561 3862 Februarii
586 3806 668 3860 1558.

1016 3908 1183 3979 Vergem'us.

679 3994 693 4023 ff

181 4059 197 4198 i
217 4056 281 4214 igi.
302 4059 391 4198 inii.
404 4146 445 4198 56.
476 4144 556 4199 Nach
568 4143 697 4212 Gindely,
717 4143 878 4214 geschichte
891 4144 940 4196 der
953 4141 1136 4197 bdhmiseheu
1149 4141 1257 4203 brdder,

112 4229 134 4294 Ι,
151 4232 202 4285 420
221 4232 240 4283 f.
261 4233 319 4296 471,
339 4231 411 4286 hiell
430 4232 604 4287 Maximiliau
623 4231 669 4287 die
687 4230 788 4285 britder
808 4231 850 4284 fur
870 4231 990 4285 ldlseher
1009 4231 1058 4285 der
1075 4228 1165 4291 bihel,
1190 4227 1259 4283 wart

112 4316 196 4372 ihuen
215 4318 287 4372 anch
307 4318 485 4389 verbindnng
504 4321 555 4373 mit
574 4319 629 4374 den
648 4318 864 4374 wiedortdufern
883 4336 947 4382 vor3
968 4337 988 4372 s.
1008 4318 1080 4373 anch
1099 4317 1140 4370 br.
1162 4317 1219 4371 170.
