2768 4740
668 265 729 330 427

668 546 735 602 213.

428 680 553 768 Verger
575 705 617 746 an
640 683 759 767 herzog
784 681 968 767 Christoph.

476 818 627 893 Tdbingen
648 821 685 876 20
707 821 820 891 August
842 823 926 877 1564.

196 946 282 1018 Fragt
300 965 344 1010 au,
365 965 407 1002 wo
428 947 554 1003 Radzlvil
575 948 694 1001 wohuen
714 947 791 1001 sollc.

204 1071 401 1129 illustrissime
423 1071 562 1144 Princeps
583 1078 612 1129 et
634 1070 756 1129 Domine
778 1071 899 1130 Domine
921 1072 1164 1131 clementissime!

201 1175 296 1247 Cogor
323 1177 548 1234 illustrissimam
576 1176 782 1235 Celsitudinem
805 1175 937 1236 Vestram
966 1178 1072 1234 iterum
1100 1176 1271 1246 obtundere,

122 1296 187 1338 uam
209 1288 292 1352 urget
314 1298 357 1338 nno
379 1281 496 1339 nuntius
511 1297 575 1339 cum
588 1280 694 1339 littoris
706 1280 810 1339 missus
824 1280 860 1338 ab
874 1280 1069 1338 illustrissimo
1082 1279 1242 1338 Radzirillo
1253 1279 1271 1334 ¹.
1362 1294 1375 1313 ⁸

123 1383 191 1441 Fuit
213 1385 329 1441 nuntius
351 1383 527 1455 Stutgardiae
551 1385 642 1457 ipsam
663 1383 888 1442 illustrissimam
909 1384 1118 1443 Celsitudinem
1138 1384 1270 1442 Vestram
1320 1416 1322 1421 ·

123 1504 263 1560 quarens.
299 1486 369 1546 Gom
392 1504 459 1546 vero
481 1505 536 1546 non
558 1490 711 1559 invenerit,
734 1504 830 1546 verurn
852 1489 1039 1558 intellexerit,
1062 1504 1124 1546 earn
1146 1487 1270 1547 Uracuru

122 1591 283 1663 proiectum
305 1609 377 1664 esse,
401 1592 524 1652 Uracum
543 1595 632 1665 igitur
653 1594 803 1653 constituit
818 1596 925 1665 venire,
948 1593 1128 1667 disceditque
1144 1592 1197 1651 buc
1208 1595 1271 1665 ipsa
1312 1583 1315 1589 ’

121 1695 202 1768 hora,
224 1713 287 1770 qua
308 1704 353 1754 est
373 1697 466 1770 prima
485 1713 503 1755 a
523 1698 653 1757 meridie.
682 1698 761 1756 Petit
782 1700 810 1755 in
832 1714 950 1766 summu,
972 1704 1004 1754 ut
1024 1698 1109 1756 liceat
1129 1698 1185 1781 ipsi
1204 1697 1269 1756 illu-

120 1800 261 1859 strissimo
282 1801 442 1859 Rudzivillo
463 1802 540 1860 sedes
561 1803 722 1860 conducere
743 1818 796 1875 per
816 1802 925 1874 aliquot
946 1802 1217 1876 meuses'dubingae‚
1237 1810 1271 1860 ut

123 1913 316 1965 commoretur
336 1914 467 1965 metuens
487 1912 607 1978 pestem,
629 1923 694 1980 quae
714 1907 883 1978 Argentinae
905 1912 1062 1977 grassatur,
1084 1906 1206 1965 discedit
1226 1913 1269 1964 ta·

119 2026 185 2067 rnen
206 2011 272 2068 inde
294 2011 380 2068 salvis
401 2011 487 2069 rebus
517 2018 547 2069 et
572 2028 635 2069 curn
664 2010 771 2069 nullam
799 2012 959 2083 susceperit
987 2010 1189 2082 contagionem
1217 2027 1271 2083 per

119 2113 176 2172 Dei
195 2114 326 2185 gratiam,
348 2115 432 2191 (vixit
453 2115 529 2173 enim
549 2116 578 2172 in
592 2116 768 2173 monasterio
782 2113 1037 2174 Caribusiauoruur
1059 2115 1183 2172 marinna
1203 2113 1267 2171 dili·

118 2219 217 2290 gentia
237 2217 410 2294 custoditus)
430 2218 500 2276 nibil
523 2235 593 2290 ergo
613 2218 800 2277 metuendum
822 2236 840 2276 a
860 2235 890 2276 se
912 2225 943 2277 et
962 2218 1038 2290 suis3
1068 2225 1182 2277 tautum
1202 2234 1269 2290 sup-

118 2321 224 2393 plicat,
253 2327 284 2380 ut
304 2321 409 2380 Vestra
429 2322 627 2381 illustrissima
647 2321 798 2382 celsitudo
827 2324 968 2381 concedat
993 2323 1037 2380 illi
1059 2325 1171 2382 veniam
1192 2339 1268 2381 com·

117 2425 258 2484 morandi.
300 2427 363 2498 Qua
382 2426 412 2483 in
433 2443 464 2486 re
486 2443 595 2486 summa
615 2427 766 2500 diligentia
787 2433 901 2498 utetur,
930 2444 966 2486 ne
995 2443 1053 2501 qua
1076 2427 1113 2486 ab
1140 2428 1190 2487 illo
1216 2427 1268 2486 fiat

116 2530 233 2601 injuria.
275 2530 402 2602 Quodsi
423 2530 612 2601 concesserit,
634 2536 667 2587 ut
687 2545 850 2603 speramus,
878 2529 1046 2603 dignabitur
1066 2531 1181 2588 interim
1203 2545 1268 2587 ver·

116 2633 184 2692 burn
204 2631 300 2691 iacere
321 2649 461 2705 generoso
482 2633 597 2693 domino
617 2631 770 2706 Uagnadio
782 2631 803 2704 ⁸,
828 2639 861 2692 ut
882 2635 952 2692 velit
971 2633 1131 2694 concedere
1152 2634 1268 2694 adesa

117 2754 149 2795 se
170 2739 336 2807 conductas,
356 2739 385 2795 in
407 2738 510 2812 quibus
530 2745 678 2811 postremo
693 2737 851 2810 habitabat,
874 2755 938 2812 qua
953 2740 1137 2811 possidentur
1151 2756 1169 2796 a
1182 2740 1270 2798 viduo

117 2843 266 2916 cujusdam
283 2843 499 2915 jurisconsulti3
531 2841 623 2900 solvet
653 2843 728 2899 enim
756 2844 881 2915 egregie,
909 2842 1048 2916 quidquid
1075 2859 1147 2916 opus
1172 2842 1269 2916 luerit,

119 2946 318 3021 habitabitque
337 2950 444 3033 pintim
465 2949 494 3004 in
515 2947 575 3006 illis
594 2947 700 3019 purtim
719 2948 750 3006 in
772 2948 843 3006 rucis
864 2955 952 3021 alque
973 2946 1144 3022 ubicumque
1162 2947 1270 3022 poterit

118 3051 155 3109 ad
185 3052 300 3125 aliquod
328 3060 455 3124 tempus,
486 3061 537 3111 aut
565 3054 589 3110 si
611 3053 687 3112 aedes
715 3054 784 3126 ipsae
806 3051 976 3111 Celsiludini
1000 3052 1111 3111 Vestrae
1131 3069 1186 3110 non
1208 3053 1269 3126 pla-

117 3157 239 3227 cuerint,
261 3158 382 3230 accipiet
397 3157 607 3215 illustrissimus
619 3156 802 3224 Radrivillus,
820 3173 997 3231 qnaeeunque
1014 3155 1123 3215 luerint
1137 3173 1154 3214 a
1166 3157 1270 3215 Vestra

117 3260 296 3320 Celsitudiue
317 3261 430 3319 oblalae.
473 3261 633 3334 Exspectat
653 3262 776 3320 maxima
795 3263 941 3320 anxietate
964 3263 1080 3319 nuntias
1101 3262 1172 3338 (jaun
1193 3261 1269 3319 enim

115 3371 183 3423 suut
204 3372 269 3425 octo
290 3366 367 3436 dies,
399 3366 502 3439 qulbus
524 3366 750 3425 illustrissimum
774 3366 801 3423 d.
830 3381 912 3423 suum
934 3364 1095 3436 Carthasii,
1120 3365 1198 3438 quod
1225 3371 1270 3424 est

116 3470 294 3541 Argentinae,
317 3471 453 3544 reliquit).
489 3471 552 3529 Nec
570 3472 665 3542 plura,
685 3471 854 3530 commendo
874 3487 920 3528 me
940 3474 1111 3529 reverenter
1131 3470 1268 3528 Illuslris·

115 3575 195 3633 simae
209 3574 379 3634 Celsitudini
394 3575 514 3645 Vestrae,
536 3591 554 3634 a
573 3593 630 3650 qua
650 3591 819 3649 responsum
841 3591 933 3661 exsp,
961 3591 979 3635 ο
999 3592 1057 3634 una
1074 3592 1137 3634 curu
1152 3574 1268 3646 litteris,

114 3681 139 3736 si
160 3679 202 3736 ita
224 3679 320 3752 placet
339 3679 545 3739 illustrissima
567 3679 740 3740 celsitudini
762 3681 885 3750 Vestra,
913 3696 947 3755 g
989 3664 1049 3738 rosi
1080 3679 1187 3738 donnini
1209 3679 1268 3738 Un-

113 3782 293 3856 gnadii,.qui
312 3783 430 3843 mandet
450 3783 552 3855 riduae,
574 3788 606 3840 ut
626 3783 705 3841 ades
726 3785 889 3857 consignet,
920 3782 1026 3844 locavit
1046 3786 1121 3841 euim
1142 3799 1192 3842 eas
1212 3800 1266 3856 par

112 3888 285 3962 triennium,
315 3897 347 3948 ut
365 3888 442 3948 fama
462 3895 521 3961 est,
548 3891 605 3947 imo
624 3889 688 3962 ipsa
708 3889 796 3947 vidua
814 3888 953 3957 affirmem
981 3895 1034 3948 aut
1054 3889 1078 3946 si
1099 3887 1164 3946 clia
1186 3886 1264 3945 ardes

112 3995 204 4067 magis
222 3995 428 4054 Illustrissiruae
448 3993 619 4054 eelsitudini
640 3992 752 4053 Vestra
777 3995 951 4068 placuerint,
979 3991 1016 4052 de
1043 3990 1101 4052 illis
1128 3990 1265 4066 dignetur

683 4122 699 4157 ’ll

187 4225 201 4278 1
221 4222 248 4278 S.
266 4240 294 4279 n.
314 4224 373 4280 187.

186 4310 362 4369 ddum
