2768 4740
122 240 191 297 1558
669 249 728 307 167

119 431 183 470 rraru
198 414 279 486 Papa
299 412 509 473 absolutionem
532 417 558 473 ei
579 414 680 475 inisset
702 416 822 473 daturus
843 433 861 473 a
880 416 1057 489 juramento,
1079 417 1102 475 si
1124 416 1195 474 illud
1216 433 1272 474 nou

119 525 276 576 seruasset.

200 623 268 680 Dixi
291 623 405 694 deinde,
428 622 655 681 Maxirnilianum
678 628 736 680 met
757 623 851 681 solere
872 622 1023 697 conqueri,
1044 622 1121 696 quod
1142 623 1180 681 sit
1200 629 1271 681 tam-

119 744 205 800 quam
228 743 317 811 puer,
339 728 387 799 qui
410 726 508 784 visitet
528 727 657 797 scholas,
679 726 745 784 ideo
766 743 881 786 necesse
903 727 1024 796 trabere,
1045 733 1077 786 ut
1097 726 1272 786 informetur

119 827 354 899 antecoenia,
385 845 449 901 quae
477 829 513 885 ad
542 835 667 887 nostram
689 830 859 900 religionem
878 832 1041 904 pertinent3
1072 849 1175 890 revera
1195 831 1270 889 enirn

120 949 213 1005 neque
234 949 287 991 sua
307 932 389 1005 regia
409 930 552 989 celsitudo
573 948 666 1004 neque
690 932 738 1004 qui
759 931 802 989 illi
817 932 963 1006 assistunt,
985 942 1052 992 sunt
1072 934 1146 993 bene
1168 936 1196 992 in
1217 935 1271 993 hae

117 1053 204 1094 cansa
225 1038 391 1104 exercitati,
413 1042 517 1109 putant
538 1038 628 1105 enim,
658 1054 688 1094 se
710 1053 793 1109 posse
815 1037 996 1096 dissimulare
1018 1044 1048 1096 et
1067 1039 1160 1096 missis
1180 1041 1270 1097 inter·

119 1158 191 1211 esse,
215 1159 245 1198 se
267 1157 351 1214 posse
373 1142 504 1211 accipere
526 1158 635 1198 coerram
657 1141 709 1197 sub
731 1149 853 1215 utraque
874 1145 969 1214 speeie
986 1159 1022 1200 ex
1037 1144 1167 1201 nranibus
1181 1145 1269 1200 sacri-

119 1246 193 1303 ficuli
216 1246 348 1319 papistici
370 1253 458 1317 atquc
479 1244 538 1302 alia
557 1244 725 1316 hujusmodi.
758 1245 822 1302 Dixi
844 1263 922 1318 ergo,
944 1254 1003 1303 tum
1025 1264 1123 1319 regom
1143 1253 1202 1305 tum
1223 1262 1269 1303 rc-

120 1349 231 1423 liquos,
253 1352 302 1422 qni
323 1350 381 1407 iilic
403 1349 537 1406 ridentur·
558 1365 655 1406 auriam
677 1349 866 1421 aevangelium,
888 1369 952 1409 esse
970 1350 1128 1423 juvandos,
1153 1367 1267 1422 regem-

119 1471 175 1527 que
202 1454 295 1525 ipsum
325 1458 355 1511 et
384 1454 512 1526 reliquos
543 1455 596 1510 troc
625 1461 744 1525 petere,
776 1462 808 1513 ut
834 1458 992 1528 juventur,
1024 1455 1170 1528 praecipue
1199 1471 1267 1513 vero

120 1557 249 1629 nobiles,
288 1558 336 1630 qui
373 1564 440 1614 snut
476 1558 505 1614 iu
544 1558 605 1630 ipsa
636 1559 771 1626 Austris,
806 1559 914 1630 Stiria,
947 1559 1095 1618 Corinthia
1132 1565 1161 1615 ct
1197 1558 1267 1617 Car·

120 1660 217 1731 uiola,
255 1662 303 1733 qui
337 1662 528 1732 gratissimam
565 1660 692 1718 habuere
725 1663 884 1722 versionem
917 1665 991 1721 Novi
1022 1664 1200 1721 Testamenti
1236 1663 1265 1719 iu

119 1764 248 1836 linguam
285 1763 424 1821 Slarieam
444 1765 471 1836 ¹,
509 1771 667 1838 petuntque
702 1765 755 1822 sibi
791 1767 926 1825 adornari
962 1770 1121 1824 versionem
1150 1768 1266 1825 Veteris

119 1864 299 1925 Testamenti
327 1874 356 1924 et
383 1869 456 1926 alios
486 1869 607 1926 selectos
638 1867 750 1939 aliquot
780 1869 867 1927 libros
899 1870 993 1941 mitti,
1023 1870 1125 1942 quibus
1156 1871 1267 1941 possint

116 1972 269 2045 proficere.

126 2128 128 2133 ,
198 2076 332 2148 Inprimis
352 2082 464 2149 petunt,
487 2081 518 2133 ut
539 2076 644 2133 Vestra
666 2075 814 2133 Celsitudo
837 2077 906 2134 velit
927 2093 976 2134 eos
996 2075 1103 2135 habere
1124 2093 1265 2134 commen-

117 2181 208 2248 datos,
231 2180 352 2251 primum
374 2179 450 2253 apud
472 2179 712 2250 Maximilianum,
733 2179 810 2250 apud
837 2197 922 2252 quern
948 2195 1045 2238 omncs
1069 2181 1129 2251 jam
1151 2186 1266 2250 norunt,

116 2282 326 2342 Celsitndinern
347 2283 478 2341 Vestram
500 2283 654 2356 plurimum
675 2283 772 2340 ualere
794 2284 888 2354 gratia
908 2288 937 2340 et
957 2284 1130 2351 autoritate,
1159 2284 1265 2342 deiude

114 2391 143 2447 iu
171 2389 313 2459 comitiis,
347 2405 411 2460 quic
439 2389 568 2459 proxime
594 2387 826 2445 celebrabuntur.
873 2387 948 2444 Nam
974 2388 1004 2444 in
1029 2387 1124 2444 animo
1148 2388 1265 2457 habent,

114 2493 231 2550 mittere
254 2493 366 2563 legatos
387 2496 417 2547 et
437 2490 577 2562 experiri,
605 2505 639 2543 au
669 2494 787 2560 possent
813 2504 903 2545 asne
924 2487 1038 2546 domiue
1058 2507 1112 2562 per
1134 2489 1264 2548 Vestram

115 2594 353 2652 intercessionem
381 2592 512 2650 obtinere
544 2589 707 2648 libertatern
738 2589 984 2649 reformandorum
1012 2592 1196 2650 ecclesiarum
1227 2593 1263 2652 ad

114 2714 243 2755 normam
265 2695 418 2768 evangelii·

194 2799 265 2856 Haec
285 2803 351 2854 snut
372 2797 517 2867 praecipua
537 2795 645 2867 capita,
674 2811 737 2867 quae
764 2796 799 2853 de
820 2802 897 2854 statu
919 2797 1106 2857 Maximiliani
1133 2804 1162 2856 et
1186 2806 1262 2857 statu

112 2918 211 2960 rerum
234 2901 451 2959 Austriacarnm
471 2899 541 2956 dixi.

194 3006 301 3064 Addidi
323 3004 509 3074 deMoram‘a,
531 3003 608 3075 qnod
630 3019 664 3061 ea
685 3002 812 3060 abundet
827 3003 1047 3078 Anabaptistis²
1067 3007 1157 3078 magis
1177 3022 1262 3079 qnam

113 3127 241 3184 unquam
261 3116 355 3180 antea,
377 3116 406 3165 et
427 3107 502 3181 quod
526 3123 617 3179 nuper
637 3123 672 3164 eo
694 3107 885 3165 confluxerint
909 3110 1023 3168 circiter
1042 3110 1129 3167 XXX
1148 3107 1263 3183 profugi

113 3230 149 3269 ex
171 3213 266 3275 Italia.
288 3228 342 3268 nec
361 3227 431 3283 nou,
457 3209 534 3283 quod
561 3209 604 3266 iiii
625 3208 824 3282 Anabaptistae
845 3227 937 3284 nuper
957 3214 1136 3287 susceperint
1156 3220 1187 3272 et
1207 3231 1264 3272 coe·

112 3317 213 3391 perint
235 3315 392 3374 defendere
413 3314 565 3373 articulum
585 3313 667 3371 illurn
688 3315 724 3371 de
744 3315 883 3384 trinitate,
905 3324 1023 3390 propter
1044 3336 1129 3391 quem
1149 3318 1262 3378 Gribal·

112 3421 166 3506 dus
188 3421 243 3480 tuit
264 3420 481 3479 condemnatus.

680 3543 695 3576 a

184 3656 197 3708 l
220 3652 414 3708 S.br.n.17.

184 3743 279 3797 aseit
299 3743 368 3798 1526
395 3758 487 3797 waren
514 3739 709 3794 wiedertaufer
734 3739 808 3794 nach
827 3740 943 3796 Mithran
968 3743 1178 3815 eingewundert
1204 3745 1260 3798 und

113 3831 214 3886 hatten
241 3830 305 3885 dart
329 3831 402 3884 trotz
427 3827 625 3882 manchfacher
650 3827 855 3897 verfolgungen
882 3829 940 3884 sich
965 3831 1029 3884 sehr
1055 3829 1259 3900 ausgebreitet;

113 3918 224 3989 adelige
242 3916 436 3988 girtsbesitzer,
456 3916 561 3970 welche
580 3917 641 3971 ihre
661 3916 894 3993 betriebsamkeit
913 3918 970 3971 und
985 3918 1170 3988 sparsamkeit
1187 3918 1259 3973 hoch

113 4007 272 4068 schitzten,
302 4005 396 4075 geben
422 4003 508 4058 ihnen
526 4021 613 4074 gerne
633 4005 813 4067 unterkunit;
844 4004 952 4059 damals
970 4004 1082 4059 zahlten
1101 4004 1140 4058 sie
1159 4006 1193 4058 60
1211 4022 1259 4074 ge·

115 4093 262 4155 meinden,
290 4091 440 4146 besonders
464 4091 716 4155 deutschredende;
743 4109 763 4144 s.
783 4090 917 4161 Gindely,
944 4090 1104 4162 geschichte
1122 4092 1172 4146 der
1190 4093 1259 4147 boh·

115 4180 238 4236 mischen
261 4181 363 4234 briider
380 4181 401 4243 1,
421 4179 472 4232 213
490 4178 508 4231 f.
527 4177 562 4241 11,
584 4181 614 4233 19
634 4179 652 4232 f.
