2768 4740
669 498 717 556 81.

419 629 544 714 Verger
566 651 609 694 an
632 629 752 712 herzog
773 626 959 710 christoph.

480 759 632 832 Tubingen
654 760 692 816 25
714 757 797 831 april
819 758 903 815 1559.

184 885 331 942 Berichtet
348 885 424 941 seius
438 885 671 954 verbandlnngen
684 884 737 940 mit
749 883 884 947 Maniliae,
904 883 951 938 die
970 881 1029 938 sich
1047 883 1200 938 besonders
1217 883 1269 938 sui

114 981 162 1038 die
180 981 343 1038 aussichten
362 981 410 1037 des
428 982 673 1051 protestantismns
691 981 720 1036 in
733 980 904 1036 Franlmich
923 979 1061 1050 besogem
1080 979 1184 1035 ebeuso
1201 979 1265 1034 dass

112 1095 143 1132 er
167 1077 342 1132 vertraulich
369 1076 421 1131 mil
448 1077 512 1132 dem
539 1076 696 1148 gesandtan
721 1076 793 1131 iiber
819 1075 865 1130 die
891 1075 989 1131 schuld
1015 1074 1201 1131 Frankreichs
1228 1091 1264 1129 nn

114 1171 332 1244 Wilrttemberg
357 1172 542 1244 gesproohen,
569 1173 662 1228 iernen
688 1172 752 1229 dass
777 1171 850 1226 niele
868 1170 1004 1226 Italitner
1027 1187 1081 1226 von
1099 1171 1176 1226 Geni
1191 1169 1265 1226 nach

113 1266 330 1338 Witrttemberg
348 1268 529 1324 sinnaudern
552 1267 611 1322 aad
628 1266 676 1323 die
693 1265 913 1339 angsbnrgische
930 1265 1085 1323 confession
1104 1265 1264 1322 snushmen

117 1363 231 1418 wellen.

188 1459 241 1515 Die
259 1460 383 1514 antwort
399 1458 502 1530 hersog
520 1457 684 1530 christophe
700 1475 722 1514 a
740 1476 769 1513 n.
787 1459 829 1514 82.

195 1574 393 1634 illustrissime
416 1573 553 1647 Princeps
573 1578 603 1631 et
624 1573 747 1631 Domine
768 1573 891 1632 Domine
912 1573 1160 1632 clementissime!

193 1679 303 1752 Accepi
327 1678 413 1737 hodie
435 1677 547 1736 Vestra
568 1676 755 1735 celsitudinis
781 1677 910 1749 litteras,
939 1679 1041 1753 quibus
1069 1680 1200 1751 mandat,
1232 1685 1265 1737 ut

113 1798 179 1855 quac
213 1784 330 1856 negotia
360 1799 422 1840 cum
452 1780 480 1839 d.
512 1782 609 1854 legato
639 1780 750 1840 Gallico
781 1784 964 1840 tractaverim
977 1783 1001 1854 ¹,
1039 1782 1158 1841 debeam
1188 1781 1264 1841 illico

114 1883 288 1957 siguificare.
329 1885 413 1957 Qum,
442 1901 506 1942 cnm
532 1884 602 1942 anilii
622 1885 738 1943 minime
759 1886 970 1944 contemnenda
990 1885 1157 1958 videantur,
1185 1902 1264 1944 eram

112 2004 178 2046 mea
198 1996 301 2061 sponte
331 2005 396 2047 cras
422 2004 475 2061 per
503 1988 679 2061 peculiarem
704 1988 835 2046 nuntium
862 1986 1091 2062 significaturum
1122 1990 1173 2049 sed
1201 2006 1265 2048 cunr

111 2093 268 2152 advenerit
287 2091 466 2159 tabellarius,
489 2106 543 2179 per
564 2092 688 2150 eundem
709 2091 846 2151 rescribo.
875 2093 909 2151 In
930 2109 1048 2164 summa,
1069 2110 1132 2151 cum
1153 2093 1266 2166 legatus

112 2198 151 2256 sit
171 2212 241 2256 vere
262 2198 337 2270 pins,
358 2198 396 2255 sit
415 2195 561 2269 prudens,
582 2204 613 2255 et
633 2212 669 2254 en
689 2203 801 2256 secreto
822 2199 901 2270 regis
921 2197 1056 2266 consilio,
1083 2198 1186 2270 petivit
1206 2214 1265 2257 ms·

112 2317 178 2360 cum
199 2298 333 2359 conferre
354 2299 391 2359 ob
411 2299 608 2374 gravissimam
630 2306 661 2359 st
680 2302 890 2360 sanctissimam
918 2317 1050 2374 cansam,
1082 2318 1203 2376 nempe,
1233 2309 1266 2362 ut

112 2404 303 2478 intelligeret,
324 2422 382 2478 qua
401 2408 514 2463 ratione
536 2406 649 2475 possint
669 2407 776 2464 nostris
797 2405 928 2465 ecclesiis
948 2403 1047 2464 lavere
1063 2409 1193 2466 nonnulli
1213 2409 1262 2482 pii,

114 2510 164 2583 qui
192 2508 271 2580 apud
297 2526 379 2567 sunm
407 2508 530 2584 regem⁸
557 2508 586 2567 in
617 2525 721 2585 magna
748 2510 961 2568 existimatione
987 2512 1106 2583 degunt.
1152 2511 1265 2584 Ecquid

112 2619 297 2687 potestesse
318 2613 467 2686 optatius?
488 2620 555 2673 sunt
576 2613 652 2673 enim
673 2615 731 2674 illic
751 2632 808 2673 nou
831 2613 916 2688 panai
936 2630 1030 2690 neque
1044 2631 1141 2689 parsoe
1156 2618 1265 2675 autori·

113 2718 192 2791 tatis,
215 2721 264 2793 qni
285 2726 447 2791 promotum
468 2719 586 2790 cupiunt
606 2735 761 2778 renascens
778 2717 884 2778 Christi
906 2719 1095 2792 euangelium,
1117 2727 1147 2779 et
1166 2722 1195 2779 hi
1216 2738 1265 2780 cu·

116 2823 201 2896 piant
221 2839 253 2881 se
275 2822 425 2899 (qnantum
454 2823 586 2900 possunt)
614 2824 740 2898 objicere
766 2824 943 2898 papistarum
971 2821 1135 2897 conatibus,
1166 2824 1266 2885 habita

115 2927 264 2988 nobiscum
284 2929 422 3001 prudenti
442 2930 641 3002 intelligentia.
683 2928 729 2988 Sic
750 2944 797 2987 res
822 2936 881 3002 est;
909 2929 1016 2988 Vestra
1036 2930 1186 2990 celsitudo
1207 2948 1264 2990 non

114 3031 239 3105 dubitet,
260 3031 313 3092 sed
334 3049 399 3090 enin
419 3033 597 3105 paucissimis
618 3034 756 3107 dignetur
776 3036 996 3094 communicare.
1027 3036 1182 3107 Quocirca
1202 3053 1266 3096 cum

113 3153 198 3196 ame
219 3137 366 3210 petiisset,
393 3137 548 3212 quidnam
571 3137 624 3197 hoc
645 3146 774 3212 tempore
795 3155 859 3198 ruso
876 3139 987 3213 judicio
1007 3137 1103 3199 lacere
1125 3141 1267 3201 deberent

114 3256 168 3315 pro
189 3242 339 3301 commodo
360 3247 522 3300 nostrarum
542 3242 737 3312 ecclesiarum,
759 3245 816 3316 ipsi
835 3244 892 3318 pii,
914 3245 963 3318 qui
983 3251 1050 3304 sunt
1069 3245 1147 3319 apud
1167 3261 1266 3319 regem

113 3348 142 3403 in
165 3346 387 3418 existimatione,
408 3346 545 3418 respondi
567 3347 786 3420 exinproviso.
824 3347 896 3407 Cum
916 3351 945 3407 iu
965 3366 1036 3423 pace
1057 3366 1150 3422 nuper
1170 3348 1267 3409 iacta⁸

684 3487 699 3520 *

189 3597 202 3650 l
225 3596 288 3668 vgi.
309 3615 336 3650 u.
354 3598 397 3652 79.
416 3597 458 3651 80.

186 3682 357 3738 2Heinrich
375 3683 418 3748 ΙΙ,
448 3684 537 3754 ktuig
565 3685 618 3740 seit
638 3689 724 3750 1547,
751 3687 1000 3753 †1oJu151559;
1028 3692 1111 3744 uniet
1129 3691 1185 3744 den
1203 3707 1265 3745 vor·

117 3770 247 3834 nahmen,
267 3770 373 3825 welche
387 3771 441 3827 den
454 3773 699 3842 protestantismus
712 3775 862 3829 besonders
874 3775 1086 3846 begdnstigten,
1106 3793 1200 3832 waren
1220 3776 1265 3830 die

118 3858 292 3921 Chatillons‚
318 3858 437 3930 Coligny
457 3859 631 3916 mit'seiuem
652 3861 755 3918 brudei
774 3861 909 3925 Andelot‚
938 3862 1021 3917 sanie
1040 3862 1090 3918 der
1108 3862 1190 3917 Prinn
1209 3879 1264 3918 nou

118 3944 212 4000 θοιὰό
232 3945 278 4000 die
298 3945 527 4011 bedenteudsteu,
548 3949 656 4004 damnis
675 3948 769 4004 schien
788 3948 859 4004 anch
872 3950 965 4004 Autan
985 3966 1038 4004 von
1055 3949 1185 4004 Bourbon
1205 3949 1264 4007 sich

116 4032 164 4087 der
182 4032 366 4088 reformation
386 4035 564 4105 zununeigen.

185 4121 202 4174 3
222 4120 278 4174 Der
298 4120 407 4176 frieden
426 4139 479 4176 von
499 4122 784 4188 caman-cambresis,
803 4125 820 4179 s
839 4124 918 4194 April
939 4125 1020 4184 1559;
1039 4123 1106 4178 weit
1125 4125 1204 4179 mehr
1222 4124 1265 4181 als

117 4225 168 4263 von
188 4207 293 4262 diesem
313 4209 418 4263 artilrel
437 4209 538 4279 sprauh
556 4228 621 4266 man
641 4227 696 4266 non
711 4210 789 4266 einer
800 4210 949 4281 gebeimen
961 4209 1149 4280 vereiniguug
1157 4209 1264 4271 Frank·

118 4293 205 4349 reichs
225 4294 283 4349 und
301 4295 439 4366 Spauiens
459 4314 506 4350 nur
524 4297 755 4367 anterdsilckung
772 4297 822 4352 des
839 4295 1088 4368 protestantismua
