2768 4740
669 255 712 314 65

649 513 740 574 1554.

676 682 704 738 8.

416 811 542 900 Verger
565 834 607 878 nn
631 813 748 898 herzog
772 811 958 899 Christoph.

492 926 638 1000 stuttgart
658 928 675 982 7
696 927 779 1002 April
802 928 887 986 1554.

181 1027 291 1099 Wegen
310 1029 362 1084 der
380 1029 567 1086 ferruriseheu
588 1029 708 1085 heirnth.

191 1126 390 1185 illustrissime
410 1136 441 1185 ct
461 1129 702 1188 excellentissime
724 1128 860 1201 Princeps
881 1134 911 1186 et
924 1127 1046 1186 Domine
1063 1129 1183 1187 Domine
1199 1129 1263 1189 Ole-

110 1229 307 1287 meritissime!

192 1333 266 1391 Veni
293 1332 491 1406 Stutgcrdient
524 1345 553 1394 et
580 1351 644 1392 cum
671 1334 826 1393 clarissimo
855 1337 916 1393 viro
946 1336 973 1394 d.
999 1354 1103 1410 magno
1128 1340 1264 1410 mugistrn

112 1440 210 1508 cuum,
240 1445 271 1495 et
294 1455 358 1496 cum
383 1438 411 1497 d.
433 1439 554 1498 Brentio
574 1441 683 1500 contuli
704 1439 834 1514 quaedum
857 1441 981 1512 negotis,
998 1457 1062 1512 qum
1080 1442 1135 1512 ipsi
1156 1440 1265 1500 Vestro

113 1542 284 1601 celsitudini
304 1541 444 1602 referent.
475 1543 571 1602 Unum
585 1560 654 1602 vero
675 1560 710 1601 ex
732 1560 830 1602 corum
851 1545 971 1602 consilio
991 1544 1037 1601 liic
1057 1550 1171 1615 egomet
1189 1561 1265 1603 nuuc

113 1647 243 1706 scribam.
285 1647 483 1707 illustrissima
508 1649 536 1707 d.
556 1649 701 1709 Ferrariae
723 1649 858 1708 ducisse¹
885 1664 978 1721 nuper
1004 1648 1041 1706 ud
1068 1664 1113 1707 me
1141 1648 1265 1721 scripsit,

109 1751 254 1824 iussitque
276 1757 308 1809 ut
332 1753 496 1811 nuntiarem
517 1749 688 1809 celsitudini
708 1751 841 1821 Vestro,
872 1751 947 1823 quod
972 1766 1003 1807 se
1034 1750 1075 1808 illi
1104 1769 1139 1809 ex
1169 1751 1263 1809 animo

113 1856 304 1914 commendet.
345 1856 458 1915 Deinde
478 1856 552 1928 petit
572 1872 590 1914 n
611 1871 669 1926 me,
691 1861 723 1912 ut
743 1855 876 1924 scribam,
906 1870 963 1926 quo
983 1855 1011 1910 in
1033 1859 1110 1912 stetu
1135 1856 1193 1912 siut
1218 1871 1265 1913 res

112 1958 297 2017 illustrissimi
327 1958 378 2017 filii
409 1960 593 2033 primogeniti
623 1958 705 2017 ducis
733 1957 874 2017 Johnnnis
908 1957 1050 2016 Friderici
1080 1955 1170 2015 felicis
1205 1974 1264 2017 me-

113 2062 238 2136 moriee²,
260 2062 337 2123 idest
357 2081 393 2123 an
414 2066 472 2123 sint
491 2065 587 2137 aliquo
608 2063 694 2122 modo
714 2070 807 2122 uncte
828 2069 947 2136 propter
959 2070 1079 2121 mortem
1092 2060 1173 2121 ducis
1182 2062 1264 2120 Meu·
1342 2130 1347 2140 .

114 2168 187 2235 uui,
220 2167 290 2239 quin
309 2167 372 2241 ipsn
392 2167 507 2228 domiue
533 2169 646 2227 ducissa
666 2169 792 2239 audiuit,
820 2167 921 2226 ducem
943 2168 1103 2238 Angustum
1133 2166 1264 2240 quedam

114 2277 207 2330 cestre
228 2279 279 2329 eut
299 2271 406 2345 oppida
426 2273 540 2332 dedisse
561 2274 616 2346 ipsi
637 2273 842 2347 primogenito,
873 2280 904 2330 ot
928 2277 1048 2342 cuperet
1078 2271 1168 2339 scire,
1197 2287 1264 2328 num

114 2393 144 2434 re
164 2391 235 2433 vern
255 2377 297 2432 itu
317 2375 356 2435 sit
367 2375 386 2432 ¹.
429 2377 489 2448 Ego
510 2378 624 2448 itaquo,
646 2392 734 2448 quum
755 2391 791 2432 ex
810 2390 856 2433 rue
877 2373 946 2431 nihil
969 2374 1041 2431 certi
1062 2374 1168 2444 possim
1188 2371 1262 2430 scire

113 2479 164 2535 hnc
184 2479 213 2535 in
235 2494 284 2539 re.
306 2478 406 2551 putori
427 2478 583 2549 rogandum
605 2476 812 2536 celsitudinem
833 2477 976 2546 Vestrum,
997 2476 1020 2532 si
1042 2475 1130 2533 vellet
1150 2475 1264 2549 dignari

114 2583 147 2641 ud
168 2598 214 2640 me
235 2581 375 2651 scribere,
395 2599 431 2640 un
452 2584 662 2641 illustrissimus
677 2583 726 2641 ille
740 2584 946 2656 primogenitus
962 2588 1130 2640 consecutus
1144 2584 1182 2640 sit
1194 2596 1264 2653 opes

114 2693 161 2745 aut
181 2694 279 2748 castra
299 2687 400 2761 eliqua
418 2697 483 2762 post
503 2694 625 2748 mortem
642 2687 783 2747 Mouritii.
813 2688 886 2746 Nom
907 2703 960 2758 ego
981 2685 1117 2758 quicquid
1132 2685 1265 2743 olestro

115 2788 292 2847 Celsitudine
308 2789 525 2862 intellexissem,
538 2791 635 2848 statim
650 2790 688 2848 nd
704 2790 732 2851 d.
749 2790 889 2848 ducissam
904 2790 1068 2850 scriberem.
1090 2787 1264 2848 Commendo

114 2912 155 2953 me
175 2901 351 2954 reverenter
370 2896 472 2969 pieteti
495 2902 526 2952 ct
546 2896 660 2954 ceritati
682 2894 803 2955 Vestino.
844 2896 878 2952 D.
902 2895 988 2953 lesus
1007 2899 1113 2966 augent
1134 2893 1265 2951 orrrnibus

115 2997 184 3055 donn
204 2997 350 3058 coelestia.

186 3101 369 3175 Stutgurdioe
389 3101 437 3160 die
459 3106 474 3159 7
498 3102 567 3173 Apr.
593 3101 675 3158 1554.

1020 3204 1187 3276 vergerius.

679 3485 705 3539 9.

417 3605 544 3691 Herzog
567 3604 742 3690 Christoph
765 3627 805 3669 nu
829 3604 963 3690 Verger.

541 3719 671 3791 Concept
691 3719 752 3776 sine
774 3719 850 3776 doto.

180 3823 317 3877 Antwort
335 3823 386 3876 cul
402 3840 428 3876 n.
448 3824 474 3875 8.

189 3922 234 3979 Ex
258 3923 317 3980 tuis
344 3921 538 3978 intelleximus
563 3920 677 3990 litteris,
707 3935 762 3992 que
791 3935 842 3977 uos
872 3920 957 3976 enimi
990 3917 1141 3973 ull'eotione
1170 3930 1267 3986 prosu·

180 4130 495 4272 ssffdltbnrnnnl'ffiedrich
515 4233 572 4269 mur
591 4217 607 4269 4
627 4216 703 4270 Mtrn
723 4214 789 4268 1554
809 4211 968 4282 gestorben.

182 4303 442 4359 SSMle

166 4417 259 4471 verger
