2768 4740
121 261 188 318 litt
679 266 719 327 69

121 436 322 497 manentum·
340 438 399 510 jam
429 438 597 506 mittuntur,
622 434 721 494 remisi
742 432 794 490 illi.
836 435 899 510 Ego
919 443 1015 498 autem
1037 438 1093 513 (ita
1114 444 1146 496 ut
1165 437 1271 512 debeo)

119 542 230 601 Vestrae
260 542 416 603 sententiae
444 542 558 601 omuino
587 542 756 614 acquiesco,
786 539 965 616 servaboque
996 542 1072 616 apud
1102 558 1147 600 me
1175 544 1271 602 omnia

120 647 228 720 scripta
249 654 281 705 11
301 646 360 704 ulia
380 645 467 704 etiam
488 646 607 721 parabo,
629 647 732 720 quihus
754 647 845 705 nostri
861 649 903 706 uti
918 650 1035 722 possint,
1057 665 1143 721 quum
1155 649 1269 707 occasio

119 752 298 812 comitiorum
319 749 480 808 advenerit.
511 752 628 810 Interea
648 751 844 810 illustrissima
862 753 965 812 Vestra
978 751 1143 812 Dominatio
1163 756 1268 825 gustet.

120 871 174 929 qua
194 855 352 914 virulentia
372 862 401 912 et
421 854 503 914 rabie
524 859 632 929 scripta
651 855 740 915 luerit
760 856 796 915 ad
819 856 962 916 Caesarem
989 858 1026 915 ab
1052 857 1103 915 illo
1123 855 1269 915 cardinale

119 960 224 1038 orati03
257 957 341 1016 111111
362 958 438 1016 enim
459 960 505 1018 hic
526 960 709 1036 adjunctam,
742 966 829 1035 atque
855 977 912 1019 una
937 961 1155 1019 instructionem
1176 962 1267 1032 mitto,

119 1065 142 1122 si
162 1062 237 1122 forte
260 1062 409 1122 videretur
428 1064 466 1121 ad
486 1064 599 1138 legatos
615 1066 741 1138 Vestras
763 1066 799 1123 ud
821 1083 892 1139 quos
912 1067 1014 1124 missus
1035 1073 1080 1123 est
1099 1064 1182 1133 liber,
1202 1065 1268 1124 mit·

121 1166 236 1225 tendam
258 1182 338 1235 esse;
370 1183 436 1224 narn
456 1182 558 1239 parurn
587 1176 706 1239 possunt
732 1167 890 1242 proficere,
921 1170 944 1226 si
966 1168 1070 1227 librum
1092 1167 1268 1227 habeantet

119 1272 277 1341 historiam,
299 1287 364 1343 ‹111ae
385 1270 420 1328 ad
442 1270 547 1330 libr-mn
567 1274 704 1345 pertinet,
726 1274 870 1346 ignorent.
902 1273 965 1346 Ego
981 1273 1043 1331 dies
1062 1279 1149 1346 atque
1170 1277 1269 1330 noctes

119 1376 212 1449 (Deus
231 1375 300 1451 scit)
321 1374 447 1433 meditor
468 1380 503 1433 et
519 1375 618 1433 laboro
639 1378 668 1432 in
690 1391 777 1434 causa
797 1375 897 1434 dilecti
917 1375 970 1433 filii
991 1374 1034 1433 sui
1050 1373 1157 1433 domini
1177 1372 1269 1431 nostri

119 1476 289 1536 lesuchristi
311 1483 342 1535 et
362 1493 456 1550 spero,
477 1484 576 1549 gratos
595 1478 638 1535 illi
660 1493 722 1536 csse
743 1478 856 1537 labores
873 1495 961 1551 meos,
983 1483 1051 1552 quia
1064 1494 1099 1536 eo
1114 1477 1269 1550 instigante

120 1598 137 1638 a
162 1597 208 1639 me
236 1581 441 1653 suscipiuntur.
483 1581 658 1640 Commendo
688 1600 733 1640 me
765 1591 935 1643 reverenter
964 1584 1066 1657 pietati
1096 1590 1125 1641 11
1154 1582 1270 1642 caritati

120 1683 306 1742 celsitudinis
329 1683 448 1742 Vestrae.
489 1686 628 1744 Dominus
655 1686 739 1745 iesus
760 1692 857 1745 servet
878 1704 939 1746 eant
968 1706 985 1746 a
1013 1688 1087 1745 malo
1116 1703 1179 1746 cum
1205 1692 1268 1745 tota

118 1787 224 1846 inutilia
245 1794 275 1846 et
296 1805 396 1860 regno.

194 1889 337 1963 Tubingaa
360 1892 430 1950 xlx
451 1890 533 1965 April
558 1894 640 1949 1554.

1026 1996 1189 2069 vergerius.

672 2257 715 2309 11.
752 2301 757 2310 .

424 2375 549 2462 Verger
572 2398 614 2440 an
637 2376 755 2461 herzog
778 2374 962 2460 Christoph.

488 2489 634 2559 stuttgart
654 2491 692 2546 26
713 2491 787 2560 Aug.
812 2489 895 2547 1554.

186 2594 381 2650 Naohrichten
401 2594 468 2648 iiber
487 2593 540 2647 de'u
560 2592 641 2661 krieg
659 2592 688 2646 in
709 2591 827 2653 Italian,
848 2591 894 2646 die
913 2591 1097 2664 aushreitung
1116 2594 1163 2648 des
1182 2612 1266 2650 evan·

118 2692 236 2763 galienus
255 2690 284 2744 iu
305 2690 444 2753 Loeamo,
471 2689 525 2743 deu
545 2687 734 2757 milrtyrertod
754 2704 808 2742 von
828 2686 988 2742 Franciscus
1007 2688 1114 2742 (innuba
1133 2689 1163 2743 in
1183 2693 1266 2745 Conso

119 2787 173 2842 und
194 2786 324 2842 Sleidans
343 2784 510 2856 geschichte.

187 2882 368 2955 (Theilweise
386 2899 441 2934 von
459 2880 592 2950 Optasset
613 2879 654 2934 bis
674 2880 819 2949 pertinent
838 2880 984 2950 gedrucht.
1020 2881 1127 2936 Sattler
1145 2881 1193 2946 Ill,
1213 2883 1267 2952 75.)

195 2980 395 3040 illustrissime
418 2986 446 3036 11
468 2978 708 3036 excellentissime
723 2977 860 3050 Princeps
881 2984 910 3037 et
927 2979 1047 3038 Doctrina
1059 2978 1181 3039 Domine
1202 2998 1266 3054 gra·

117 3086 286 3146 tiosissime!

195 3189 291 3248 Hodie
319 3207 354 3245 ex
381 3189 544 3260 1113111111
570 3190 668 3260 accepi
696 3186 826 3260 quadarn
859 3203 949 3256 nuova,
980 3191 1078 3261 itaque
1105 3191 1203 3263 putavi
1233 3206 1268 3248 ca

117 3294 357 3354 communicanda
386 3291 556 3350 celsitudini
586 3292 715 3359 Vestrae,
746 3292 814 3361 quin
843 3291 980 3364 ipsasmet
1008 3293 1123 3352 litteras
1150 3295 1266 3352 mitten·

118 3401 182 3468 das,
214 3416 285 3472 quas
306 3398 332 3455 d.
355 3395 528 3456 8111111111Ι
548 3396 586 3454 ad
606 3413 660 3454 une.
703 3396 885 3466 Interpretor
904 3395 1011 3467 locum,
1041 3397 1090 3456 ubi
1119 3398 1154 3456 de
1176 3399 1264 3457 Petro

683 3524 698 3556 ‘d

117 3616 184 3672 Gom
203 3613 318 3672 scholiis
337 3613 502 3675 Athanasii;
530 3611 713 3675 Athanasius,
739 3611 817 3666 einer
842 3611 892 3666 der
917 3611 1133 3669 verschiedenen
1151 3615 1266 3685 pseudo·
1366 3658 1378 3687 Ι,

116 3720 218 3774 nymen
238 3702 369 3771 Vergem,
387 3720 408 3755 s.
428 3701 523 3769 Serap.
543 3717 563 3753 s.
582 3700 624 3753 82.
644 3718 672 3753 1.
690 3700 732 3753 61).

183 3792 201 3845 6
221 3790 309 3846 Wohl
328 3790 373 3844 dic
394 3788 588 3857 Naumburgcr
608 3787 763 3849 conferens,
792 3806 824 3840 zu
850 3789 899 3842 der
924 3789 991 3844 aber
1010 3790 1056 3845 (lie
1076 3788 1266 3844 nfirttember·

115 3877 230 3948 gischeu
249 3876 408 3949 gesandten
429 3875 675 3945 11111111111,
695 3892 715 3927 s.
736 3873 841 3944 Kugler
859 3876 879 3938 1,
899 3876 950 3930 335
970 3878 987 3930 l.

186 3969 197 4019 l
220 3966 278 4020 Der
298 3964 445 4018 berithmte
465 3961 753 4035 geschichtschreibar
772 3963 821 4016 der
835 3961 1016 4017 reformation
1027 3964 1108 4032 (1506
1121 3961 1163 4016 bis
1175 3965 1265 4032 15511);

114 4057 168 4114 sein
190 4057 271 4111 werlu
290 4055 326 4108 de
346 4054 421 4106 statu
441 4051 584 4123 religionis
603 4051 632 4104 et
651 4049 815 4119 reipublicae
835 4049 933 4105 Oarolo
948 4050 972 4102 V
992 4050 1057 4104 (teas.
1079 4049 1265 4105 Commentav.

114 4145 239 4202 erschien
261 4140 425 4207 strasburg
454 4141 528 4194 1555.
567 4139 673 4209 Ver-ger·
701 4137 767 4192 kann
795 4136 836 4191 oft
863 4136 915 4191 mit
939 4136 997 4191 ihm
1023 4153 1179 4191 zusammen
1207 4137 1265 4192 und

112 4233 223 4289 11111111
243 4230 305 4284 ihm
325 4226 850 4283 111111111111111111111111111111111
875 4223 1004 4279 fritheren
1030 4221 1265 4295 diplomatischeu

111 4318 267 4383 laufbahm
286 4336 309 4369 s.
328 4317 370 4370 br.
391 4315 433 4370 12.
453 4316 493 4369 19.
512 4315 555 4370 21.
572 4314 615 4368 27.
634 4315 700 4368 soa.
722 4314 780 4367 126.
