2768 4740
112 275 182 331 1502
443 338 451 353 ,
658 278 719 339 461

110 448 182 509 tudo
199 449 304 509 Veetre
324 448 461 523 dignetur
480 445 628 514 munder-e,
650 450 683 502 ut
703 445 754 502 ulii
775 453 889 505 centurn
911 461 987 503 nunc
1008 451 1205 509 numerentur.
1227 462 1264 503 ne

111 560 178 628 pout
200 560 325 627 quatuor
343 569 457 612 meuses
477 567 613 624 cogamur
634 565 684 608 eos
704 548 733 606 io
755 549 879 608 Galliam
900 549 1026 608 mittere.

182 657 244 712 Von
264 657 368 725 herzog
388 653 553 723 christophe
570 652 647 707 houd
667 670 712 708 em
732 652 834 707 rende:

183 763 201 799 a
220 743 278 798 Soll
297 741 402 813 geetelt
421 740 542 795 werden.

183 830 278 885 bSoll
302 829 357 884 ime
382 829 433 882 200
453 827 556 896 gulden
585 825 641 882 urrss
669 827 780 897 gneden
807 828 935 898 gegeben
955 829 1067 882 werden
1086 845 1139 882 von
1162 828 1262 882 l'rontz

114 920 245 974 Kurlzeu.

181 1003 271 1060 cuit
290 1005 409 1074 concept
433 1003 474 1058 sol
503 1003 562 1066 nit,
589 1003 690 1058 eonder
708 1002 761 1057 eoll
780 1004 843 1058 dem
863 1003 954 1074 kilnig
972 1021 1025 1059 rou
1045 1004 1190 1059 Nnverren
1210 1023 1263 1058 nur
1369 1054 1371 1059 s

111 1093 241 1150 soblecht
259 1091 424 1164 gecchriben
443 1090 570 1154 werden,
599 1090 649 1145 dee
675 1107 706 1146 er
732 1092 811 1147 dinen
831 1090 974 1146 Aurelium
993 1091 1023 1146 in
1043 1091 1193 1161 guedigem
1212 1092 1260 1145 be·

111 1180 177 1236 velli
195 1179 277 1234 welle
294 1179 397 1244 haben,
417 1179 541 1233 dieweill
560 1178 605 1233 ich
624 1178 671 1234 ine
690 1180 785 1249 verleg
787 1219 865 1235 .....

186 1265 317 1321 dSollen
336 1265 391 1321 ime
409 1266 455 1320 die
473 1265 577 1320 endere
598 1265 648 1319 100
667 1266 770 1335 gulden
795 1267 867 1322 erich
891 1267 1020 1337 gegeben
1041 1267 1166 1329 werden,
1193 1267 1262 1322 doch

111 1354 163 1407 des
181 1352 227 1407 die
245 1354 380 1425 quittung
399 1351 514 1425 geetellt
533 1352 641 1415 werde,
668 1370 697 1408 er
715 1353 762 1408 die
780 1354 841 1409 nult
856 1354 902 1408 die
921 1370 975 1407 von
996 1354 1049 1407 mir
1068 1352 1226 1407 beechehen
1246 1355 1262 1407 2

109 1440 201 1512 jerige
218 1442 312 1497 eludia
331 1441 526 1512 enntpfengeu
545 1440 609 1504 hub,
630 1442 708 1494 sonet
728 1441 810 1496 lrhem
828 1460 859 1497 er
877 1440 973 1495 wider.

184 1528 290 1584 Hinbeu
309 1546 363 1584 von
384 1527 505 1597 Vergere
523 1527 614 1583 hund:

183 1614 346 1670 Memoriole
366 1615 494 1685 Vergerii
514 1614 704 1669 llluetrieeimo
725 1615 857 1685 Principi.

654 1872 721 1928 244.

418 2001 543 2088 Verger
565 2025 607 2067 en
630 2003 749 2088 herzog
772 1954 957 2089 dunstopn

422 2132 490 2193 Sine
512 2135 731 2207 subscriptione,
753 2133 822 2193 doto
842 2141 873 2193 et
892 2136 965 2195 loeo.
1004 2175 1008 2183 ·

602 2234 678 2291 Fellt
697 2235 774 2291 1562.

188 2327 261 2394 Uber
280 2340 330 2395 dor
349 2340 422 2396 buch
440 2342 550 2397 Curios:
574 2341 608 2396 de
627 2340 816 2411 amplitudine
834 2341 911 2397 boeti
929 2343 1010 2414 regni
1030 2343 1089 2398 Dei.

192 2438 389 2498 llluetriesirue
409 2438 550 2511 Princeps
571 2443 601 2495 et
622 2437 742 2495 Domine
765 2436 887 2495 Domine
909 2437 1154 2497 Clementiseime!

194 2541 265 2602 Cum
279 2545 385 2603 Vestro
405 2542 601 2603 Illustrierimu
617 2541 766 2600 Celsitudo
788 2541 906 2613 dignutu
925 2541 1014 2602 inerit
1035 2542 1103 2601 mihi
1124 2543 1262 2615 indicere,

113 2647 192 2721 quod
212 2649 310 2707 urnltae
330 2665 406 2708 nuuc
426 2647 565 2706 exsistunt
586 2645 713 2722 querele
733 2653 835 2706 contro
862 2646 1058 2721 typographos
1078 2646 1260 2718 Basilienses,

115 2753 165 2826 qni
185 2754 369 2813 scundolceoe
389 2752 503 2813 libellos
523 2750 676 2823 excudent,
696 2767 786 2824 quoue
806 2751 881 2810 velle
902 2767 955 2811 ene
974 2753 1146 2813 auctoritate
1167 2752 1257 2812 iuter·

114 2857 229 2930 cedere,
250 2875 286 2917 ne
306 2858 429 2917 ulterius
448 2863 596 2932 pergatur,
617 2855 699 2915 dedit
718 2855 788 2915 mihi
809 2857 968 2930 negotium,
990 2863 1022 2914 ot
1041 2855 1071 2914 in
1092 2856 1259 2915 memorium

116 2961 159 3021 illi
180 2959 329 3033 adducam,
351 2962 421 3036 quid
441 2967 535 3021 ectum
556 2959 647 3020 fuerit
666 2961 702 3020 de
723 2960 823 3021 libello
844 2961 927 3021 coetii
948 2960 1073 3039 Secundi
1087 2960 1105 3032 ¹,
1127 2960 1173 3020 cui
1193 2961 1263 3019 titu-

116 3066 161 3122 lue
180 3064 216 3125 de
236 3065 426 3139 amplitudine
447 3065 650 3126 misericordie
672 3066 737 3138 Dei,
758 3064 865 3140 pendet
886 3067 962 3124 onim
978 3064 1120 3138 judicium
1142 3070 1173 3124 et
1192 3064 1263 3124 nihil

117 3167 153 3227 de
174 3184 210 3227 eo
229 3175 369 3229 statutum
390 3169 446 3229 luit
465 3171 597 3229 Besileoe.
640 3171 736 3242 Quore
757 3169 856 3242 puueie
875 3169 1015 3242 ottingam
1036 3185 1096 3227 rem
1117 3175 1218 3228 totum

193 3272 309 3333 Ulricns
336 3275 490 3347 Zwiugliue
516 3275 619 3347 sensit,
651 3274 726 3347 quod
755 3275 870 3347 plurimi
888 3269 1053 3333 'serventur
1085 3289 1137 3345 per
1167 3273 1266 3333 obser·

114 3378 259 3439 votionum
280 3380 354 3454 legis
375 3387 494 3449 neturae,
514 3379 623 3454 ubsque
645 3397 690 3450 eo,
710 3379 786 3452 quod
801 3378 946 3437 Christum
966 3377 1063 3437 norint
1080 3395 1145 3437 esse
1166 3385 1265 3438 netum

114 3487 142 3542 iu
171 3484 288 3543 mundo.
330 3486 420 3557 Quem
449 3485 623 3545 sententium
655 3485 776 3544 inseruit
806 3485 835 3542 iu
859 3484 982 3557 epistole
1011 3484 1049 3543 ed
1079 3483 1266 3544 Frenciscum

113 3589 275 3649 Galliarum
295 3607 404 3664 regent.
445 3592 515 3663 Quae
536 3589 651 3664 quidem
674 3589 789 3648 videtur
809 3589 877 3648 mibi
898 3594 990 3649 totum
1010 3589 1159 3649 invertere
1180 3604 1265 3648 even·

113 3696 222 3767 getium
237 3696 386 3755 etclrn'sti
402 3695 532 3767 glorium,
555 3711 648 3766 neque
669 3696 776 3753 attinet
796 3695 886 3766 ipsius
906 3694 1020 3753 articuli
1041 3694 1265 3767 disputationem

112 3799 269 3861 instituere
290 3800 346 3860 hoe
364 3803 393 3860 iu
415 3802 485 3861 loco.
528 3800 599 3872 Quis
620 3816 677 3859 uon
697 3797 849 3873 agnoscit?

195 3906 293 3978 Quare
314 3905 421 3965 Coelius
449 3904 599 3965 Secundus
628 3903 756 3963 Ulrioum
777 3901 945 3976 Zwiuglium
972 3909 1107 3974 secutus,
1138 3901 1265 3960 libellum

113 4013 240 4085 scripsit,
261 4013 306 4070 cni
327 4011 445 4071 titulum
464 4010 533 4068 lecit
554 4009 609 4069 »de
630 4007 819 4082 amplitudine
840 4007 1044 4067 misericordie
1066 4006 1149 4065 Dei«
1191 4005 1266 4064 Nem

113 4134 165 4176 eos
185 4117 272 4177 etium
294 4122 378 4189 putet
398 4132 462 4176 esse
482 4113 642 4185 solvendos,
664 4115 713 4187 qui
724 4112 869 4173 Cinctum
886 4112 997 4170 venisse
1012 4112 1040 4169 in
1056 4126 1172 4187 curnem
1187 4112 1267 4182 iguo·

688 4239 702 4270 r.

187 4335 199 4388 l
221 4333 248 4388 S.
267 4332 307 4386 br.
326 4351 353 4387 n.
372 4334 405 4388 ot
424 4333 481 4388 und
503 4334 560 4388 l'll.
