2768 4740
135 278 202 336 15⁶⁴
674 292 736 354 437

137 455 254 531 qnando
274 457 364 516 rmum
386 456 487 532 inerit,
515 461 644 534 arripere
671 465 810 535 potestis,
839 463 927 539 idque
948 481 998 525 ves
1017 465 1110 528 latero
1130 471 1279 541 noluimus

77 585 83 592 ·
130 561 215 623 Datoe
235 560 411 635 Stutgardise
431 563 472 622 VI
493 564 540 624 die
561 566 666 625 mensis
687 566 820 626 Octobris
839 584 914 628 anno
933 568 1116 631 MDLXIIII.

670 830 737 888 223.

433 949 558 1035 Verger
580 973 624 1016 sn
646 950 764 1038 herzog
787 951 972 1040 Chrisioph.

467 1081 616 1155 Tiibingeu
643 1083 678 1140 17
699 1082 825 1143 Oetober
847 1085 931 1144 1564.

194 1201 292 1256 Dsnlrt
310 1200 354 1256 fiir
372 1202 417 1257 die
435 1202 580 1258 erhuliene
599 1203 747 1260 erlaubniss
766 1206 824 1261 und
844 1204 931 1261 bittet
951 1223 997 1260 um
1016 1206 1062 1260 ein
1082 1205 1274 1264 itslitniaohea

125 1298 208 1354 bueh.
244 1298 375 1368 Sonstige
394 1299 584 1369 neuiglreiien.

204 1395 400 1456 Illustrissime
421 1399 559 1472 Princeps
580 1406 610 1460 et
631 1399 753 1460 Domine
773 1401 896 1460 Domine
917 1400 1161 1462 Clementissime!

204 1501 310 1574 Aeeepi
329 1509 500 1563 reverenter
519 1503 724 1564 Illustrissimae
745 1503 931 1564 Oelsitudinis
951 1504 1063 1564 Vestro
1088 1506 1202 1566 litteras
1222 1507 1273 1566 ds·

126 1608 171 1663 tes
193 1604 240 1664 die
262 1605 301 1663 VI
320 1608 471 1679 praesentis
491 1609 598 1667 mensis
611 1607 629 1695 ¹,
650 1608 719 1667 mihi
740 1624 808 1668 vero
829 1609 957 1668 redditas
979 1609 1025 1668 die
1047 1609 1109 1667 XV.
1145 1611 1209 1684 Ago
1228 1611 1272 1668 in·

124 1716 228 1782 gentes
248 1713 365 1784 gratias,
386 1714 451 1785 plus
472 1711 568 1780 habui,
590 1729 675 1785 quam
689 1719 841 1785 optassem,
863 1719 894 1770 ut
914 1727 971 1772 non
991 1712 1100 1774 frustra
1118 1720 1199 1774 tanta
1215 1714 1271 1775 sol-

123 1815 275 1874 licitudine
296 1817 439 1890 petierim,
460 1823 569 1891 quanta
588 1818 668 1889 petii.
710 1817 901 1888 Quamobrem
921 1817 1056 1876 constitui
1081 1834 1126 1877 me
1146 1819 1176 1875 in
1196 1818 1271 1877 viam

123 1918 205 1992 dare,
227 1920 279 1979 sed
299 1922 378 1993 prius
399 1921 460 1980 haeo
481 1927 547 1980 sunt
567 1920 637 1979 mihi
657 1920 789 1993 agenda,
817 1921 966 1980 invisenda
986 1922 1042 1980 erit
1062 1923 1167 1981 Vestra
1187 1922 1271 1981 Sere·

124 2025 201 2083 nitas
222 2025 281 2082 sire
302 2025 348 2084 hie
368 2024 524 2099 Tubingae,
549 2023 598 2083 nbi
619 2030 819 2097 exspectatur,
850 2026 909 2084 sive
931 2025 1122 2098 Stutgardiae,
1150 2032 1202 2085 aut
1221 2027 1271 2086 ubi

121 2127 226 2202 inerit3
248 2145 343 2202 neque
364 2128 442 2188 enim
462 2127 666 2188 discedendum
687 2135 766 2202 puto,
788 2130 842 2189 nisi
862 2129 942 2202 prins
963 2128 1094 2203 quaedam
1114 2132 1270 2190 eommuni-

120 2249 190 2292 oem.
231 2233 381 2293 Praeterea
401 2234 504 2291 vellem
525 2233 595 2292 dare
616 2234 850 2306 imprimendum,
872 2243 905 2295 ut
923 2235 1050 2307 interea,
1071 2234 1139 2294 dnm
1158 2235 1267 2308 absum,

119 2335 300 2408 absolvatur,
329 2334 468 2406 librum¹,
496 2353 580 2411 quem
607 2338 712 2412 reliqui
733 2337 866 2398 Sambsoi
894 2338 942 2398 die
962 2339 1061 2398 XXIV
1081 2339 1268 2413 Septembris,

117 2442 250 2516 promisit
271 2459 338 2501 vero
360 2458 390 2500 se
411 2441 592 2500 redditurum
606 2441 804 2500 Illustrissima
819 2441 1086 2502 CelsitudoVestra
1106 2441 1154 2503 die
1168 2442 1266 2501 XXIV

117 2548 204 2621 hujus
224 2546 345 2618 mensis,
374 2561 459 2617 spero
480 2562 524 2604 me
546 2545 710 2605 habiturum
730 2547 831 2620 procul
851 2545 956 2618 dubio;
983 2547 1083 2606 uideor
1103 2532 1180 2606 enim
1199 2546 1268 2605 mihi

88 2657 95 2663 '
117 2667 218 2711 carere
239 2666 284 2708 me
301 2655 422 2724 utraque
437 2667 522 2709 rnanu
538 2658 588 2710 eut
604 2652 697 2724 oculo,
718 2667 781 2709 oum
795 2667 881 2711 careo
896 2651 1044 2710 commodo
1054 2649 1265 2725 typographiae;

117 2772 169 2815 oro
190 2760 220 2816 et
241 2755 386 2827 supplico,
413 2761 445 2813 ut
465 2755 605 2814 reddetur
626 2754 694 2814 milui
716 2755 853 2829 facultas,
874 2773 931 2829 que
951 2761 1082 2828 poteram
1101 2755 1266 2829 imprimere

117 2859 228 2932 Italica,
250 2860 615 2933 quacunquevaloissem;
638 2876 713 2919 nune
728 2876 791 2918 cnm
808 2860 962 2928 senuerim,
983 2875 1072 2932 cogor
1083 2857 1265 2919 emendicare

116 2980 178 3036 eos,
199 2963 247 3038 qui
267 2978 333 3022 mea
354 2963 460 3037 legant.
503 2963 575 3021 Dico
595 2963 716 3033 iterum,
744 2979 791 3022 res
812 2970 857 3022 est
876 2962 947 3021 mihi
967 2962 1156 3022 vehementer
1175 2962 1265 3035 cordi,

118 3073 152 3127 ιιι
172 3067 251 3126 nulla
272 3069 377 3140 magis,
402 3076 454 3128 ant
474 3068 559 3126 detur
579 3069 663 3141 mihi,
692 3069 740 3141 qni
760 3069 851 3141 possit
870 3083 936 3126 mea
954 3068 1054 3141 legere
1073 3073 1160 3140 atque
1179 3068 1265 3127 iutel-

112 3171 223 3245 ligere,
244 3178 295 3232 aut
315 3188 407 3231 meam
429 3172 577 3246 obstringo
597 3173 699 3244 fidem,
727 3189 772 3231 me
794 3172 864 3232 nihil
885 3172 1044 3242 editurum,
1076 3171 1154 3246 qnod
1173 3171 1266 3245 possit

114 3276 228 3337 Vestroe
249 3275 406 3337 Serenitati
427 3278 595 3351 displicere,
625 3277 865 3350 quemadmodum
885 3292 980 3350 spero,
1001 3291 1047 3334 me
1073 3273 1176 3335 iecisse
1196 3274 1263 3335 luae·

106 3385 207 3463 tenue.

193 3486 384 3556 Postremum,
405 3489 489 3561 qnod,
510 3495 665 3562 antequam
676 3488 829 3560 discedam,
851 3487 920 3546 mihi
940 3486 1098 3548 curandum
1118 3493 1198 3561 puto,
1219 3493 1264 3545 est

111 3591 287 3666 hujusmodi.
320 3591 390 3651 Cum
410 3592 555 3667 aliquibus
574 3595 603 3652 in
624 3593 695 3653 looia
715 3599 864 3666 grassetur
877 3592 1045 3666 pestilentia
1056 3594 1134 3652 inter
1146 3593 1263 3653 Istriam

112 3705 144 3757 et
164 3697 336 3769 Bavariam,
367 3699 425 3755 imo
451 3699 481 3755 in
509 3697 596 3757 Istria
617 3713 729 3771 qnoque
755 3703 786 3757 et
806 3697 930 3756 Bouaria
955 3697 1177 3770 scripserimque
1199 3698 1262 3757 dili·

111 3810 226 3879 genter,
246 3810 279 3863 ut
299 3820 426 3875 monear,
447 3805 476 3862 in
498 3803 601 3877 quibus
620 3805 782 3877 praesertim
801 3803 871 3863 loeis
890 3809 1047 3876 grassetur,
1068 3802 1262 3861 utsoiamde·

111 3909 235 3979 clinare,
256 3926 322 3982 quae
342 3915 409 3967 suut
429 3908 614 3982 declinanda,
641 3909 755 3968 interea
775 3907 843 3967 dnm
863 3923 928 3966 mea
947 3907 1054 3967 dentur
1073 3904 1263 3979 imprimenda

111 4019 142 4073 et
159 4014 266 4086 possim
279 4030 345 4074 enm
356 4012 535 4072 Celsitndiue
549 4013 654 4073 Vestra
662 4012 859 4073 illustrissima
878 4010 1019 4081 oonierre,
1040 4009 1115 4069 dabo
1135 4026 1260 4083 operam,

684 4145 699 4179 *

186 4249 194 4301 l
218 4247 245 4301 S.
265 4265 292 4302 n.
311 4247 370 4302 222.

180 4338 197 4391 2
215 4336 243 4392 S.
263 4353 291 4390 ιι.
309 4334 371 4391 221.
