2768 4740
121 296 191 351 1562
395 310 397 315 '
668 301 729 364 353

117 470 226 543 gartia,
248 485 284 528 er
297 451 438 527 Lituania
459 469 602 541 usquead
623 469 754 530 Vestram
779 469 984 529 celsitudinem
1005 474 1099 542 missa,
1120 489 1184 546 quae
1204 490 1272 548 ego·

118 577 178 629 met
196 571 227 628 iu
249 585 314 629 meo
334 586 421 629 curru
443 569 594 637 adducam,
616 589 675 630 una
694 588 756 629 curn
778 570 876 642 nobiti,
898 574 946 646 qui
969 591 1004 632 aa
1025 575 1151 635 advexit.

196 692 340 766 Tubingae
361 691 409 752 dio
430 693 469 751 20
489 691 569 751 Junii
594 695 676 750 1562.

424 813 627 874 illustrissime
649 812 835 874 celsitudinis
856 815 968 874 Vestras

878 922 1003 978 servitor
1028 920 1193 994 Vergerius.

670 1182 733 1238 158.

317 1308 446 1395 Herzog
469 1309 644 1395 Christoph
667 1334 710 1376 an
733 1311 867 1397 Verger.
914 1311 1068 1397 Concept.

487 1439 659 1512 Mttnsingen
682 1443 718 1499 23
740 1441 800 1501 Juli
824 1445 908 1499 1562.

189 1559 225 1610 Er
246 1558 329 1612 nolle
347 1560 363 1611 4
380 1559 468 1628 junge
487 1558 692 1615 Graubdndner
716 1561 760 1614 ius
783 1560 904 1615 seminar
930 1560 960 1613 in
980 1559 1129 1629 'l'itbingen
1154 1561 1270 1616 aufnah·

119 1671 182 1707 meu
203 1654 262 1708 und
280 1655 334 1709 den
355 1655 444 1710 551155
464 1655 586 1726 Vergers
605 1656 676 1711 auch
695 1656 723 1709 iu
742 1655 838 1710 seiuen
857 1654 951 1712 dicuat
968 1655 1097 1711 5515555.

197 1752 282 1823 Quod
302 1753 340 1811 ad
368 1750 442 1813 filios
468 1754 661 1811 ministrorum
689 1755 717 1811 in
747 1753 863 1812 Rhaetin
890 1753 1033 1825 attinet¹‚
1059 1754 1270 1816 illustrissimus

119 1856 256 1930 princeps
286 1856 347 1915 nult
374 1873 426 1930 pro
453 1858 607 1916 seminario
632 1859 762 1917 ecclesie
784 1857 889 1918 Christi
917 1864 936 1916 4
958 1861 1081 1934 juvenes
1107 1865 1270 1920 sustentare

116 1959 260 2034 Tubingas
280 1944 334 2034 pe'r
354 1965 372 2018 3
393 1977 491 2034 anuos,
513 1969 544 2021 et
557 1960 677 2034 singuiis
695 1964 776 2021 55515
792 1962 910 2022 cuilibet
923 1980 1044 2023 munera
1058 1963 1155 2024 iacere
1169 1965 1207 2023 30
1217 1963 1268 2024 flo-

121 2080 223 2134 renos,
251 2071 282 2122 et
301 2064 421 2138 incipiet
442 2065 546 2125 solutio
566 2065 681 2125 illorum
701 2084 719 2126 a
740 2065 814 2128 festo
835 2066 868 2126 St
888 2068 1007 2143 Georgii
1033 2069 1094 2141 jam
1114 2070 1264 2143 praeteriti.

119 2172 224 2228 Actum
245 2171 283 2228 23
304 2169 375 2228 Julii
396 2184 471 2227 anuo
493 2171 540 2228 62.

195 2274 411 2334 illustrissimus
430 2274 565 2349 princeps
585 2276 648 2335 vult
675 2277 837 2350 55551555ι
864 2277 971 2337 domini
993 2252 1124 2350 vergerii
1153 2280 1181 2337 in
1210 2295 1269 2338 ser·

119 2379 220 2438 uitium
248 2395 330 2438 suum
356 2381 503 2453 accipere,
532 2393 586 2453 per
606 2394 710 2436 annunt
741 2379 785 2437 illi
810 2380 976 2451 persolvere
999 2382 1056 2438 100
1082 2379 1207 2440 florenos
1235 2395 1270 2452 ea

116 2482 294 2552 conditione,
315 2482 391 2557 quod
412 2483 466 2556 ipsi
487 2483 525 2542 sit
545 2483 670 2554 licitum,
691 2483 768 2557 apud
791 2490 925 2554 nepotem
946 2500 1027 2542 suum
1049 2485 1156 2543 dictum
1178 2484 1268 2543 domi-

119 2605 187 2646 num
210 2588 380 2662 vergerinm
401 2587 578 2660 cohabitare,
600 2594 630 2645 et
650 2588 674 2646 si
696 2605 759 2661 quse
780 2589 837 2647 sint
857 2604 914 2660 res,
934 2589 964 2646 in
985 2587 1086 2661 quibus
1106 2588 1267 2647 illustrissi-

116 2709 179 2750 mus
200 2692 335 2767 prinecps
355 2709 435 2752 auum
457 2708 574 2767 operam
595 2709 713 2752 necesse
735 2680 855 2764 haheat,
883 2692 962 2767 quod
991 2694 1040 2752 ille
1069 2694 1209 2753 inserviet
1238 2701 1270 2752 et

118 2795 196 2870 quod
223 2797 338 2855 interea
361 2799 452 2870 magis
478 2813 595 2871 operam
623 2797 673 2856 det
700 2797 803 2856 studiis
833 2802 863 2854 et
889 2797 994 2870 lingnae
1019 2799 1191 2868 germanice
1216 2815 1265 2869 op-

117 2900 330 2972 prehendeudi.

186 3001 238 3055 Die
257 3001 406 3058 aufschriit
424 3002 530 3057 lautet:

186 3087 254 3142 Wna
273 3088 320 3143 ich
340 3088 474 3167 Vergerio
494 3107 527 3142 zu
547 3089 715 3159 Mdusingen
736 3109 768 3142 zn
788 3094 944 3144 onntwurtt
962 3090 1053 3160 geben
1073 3091 1138 3147 hab.

663 3347 725 3403 159.

426 3463 552 3550 Verger
575 3488 618 3531 an
641 3467 760 3553 herzog
782 3467 966 3553 christoph.

494 3595 644 3670 'itihingen
665 3600 702 3655 25
725 3597 785 3656 Juli
809 3602 893 3657 1562.

183 3713 316 3770 Sohreibt
336 3731 432 3786 wegen
452 3714 561 3786 einiger
588 3716 810 3788 hirschgcweihe
835 3701 893 3773 und
918 3720 1008 3774 dauht
1028 3737 1126 3789 wegeu
1146 3720 1196 3774 dor
1213 3708 1267 3774 sei-

111 3825 176 3864 nem
196 3810 291 3866 neffen
311 3811 479 3867 eruissenan
499 3812 600 3882 gundo.

191 3907 388 3969 Illustrissime
410 3910 549 3987 Princeps
569 3919 600 3971 ot
621 3912 741 3972 Domine
764 3913 885 3972 Domine
908 3913 1150 3973 Uiennentissime!

192 4013 358 4086 significari
389 4017 503 4075 domino
526 4016 677 4076 Meichiori
708 4016 797 4076 nobili
822 4018 948 4077 Litnano
979 4019 1013 4076 de
1043 4019 1177 4077 cornibus
1205 4036 1265 4077 cer-

681 4151 695 4182 *

188 4248 200 4298 l
222 4247 247 4301 S.
268 4265 296 4302 u.
318 4251 376 4302 154.

184 4334 201 4385 2
219 4333 256 4386 Iis
274 4351 332 4388 war
351 4336 485 4402 Aurelius,
507 4358 527 4394 s.
547 4357 574 4393 5.
594 4330 673 4396 159.’

173 4436 266 4490 Vereor
