2768 4740
123 276 192 338 leel
665 281 724 342 391

199 449 297 509 Rediit
317 448 404 508 hodie
419 449 550 509 Venetiis
570 463 650 506 meus
671 445 819 506 familiaris
832 448 849 518 ¹,
871 448 920 520 qni
941 465 976 508 eo
996 465 1060 509 cum
1081 446 1266 509 11116τί6061-

119 553 254 613 situdiuis
281 553 393 612 Vestras
420 552 624 610 illustrissimae
654 552 683 609 in
716 567 803 609 causa
833 551 955 611 ulterius
981 552 1094 627 nepotis
1119 549 1267 625 proiectus

118 655 223 718 iuerat
263 656 380 716 Domini
401 657 505 715 Veneti
527 655 597 714 nihil
618 653 765 728 fecerunt,
794 662 826 715 ut
847 673 939 731 neque
959 658 1185 732 responderunt,
1214 672 1266 728 pro

120 779 218 822 eorum
237 762 401 835 impietate,
430 776 573 833 nunquam
603 761 677 819 enim
706 760 748 818 ita
768 759 886 819 luerunt
906 769 963 821 tam
984 764 1059 821 male
1080 760 1177 821 affecti
1198 777 1267 834 erge

119 868 298 943 evangelium
318 868 389 926 lesa
409 865 524 933 Christi,
547 871 578 923 ut
599 871 775 938 66666661,
797 872 946 926 convertat
967 884 1016 926 eos
1036 868 1124 926 Deus.
1164 867 1265 938 Proje·

119 976 221 1030 cerunt
242 986 333 1043 nuper
353 972 382 1028 in
403 969 521 1028 exilium
541 968 717 1026 rarissimum
735 970 880 1042 juvenem,
901 971 995 1042 patria
1017 969 1209 1036 Brixieuscm,
1231 986 1266 1029 ex

118 1074 222 1136 illustri
247 1071 357 1133 familia
377 1072 562 1144 Martiueuga
583 1077 613 1128 et
640 1071 754 1145 quidem
782 1073 933 1145 comitem,
964 1073 1084 1146 Latinis,
1106 1073 1215 1133 Graecie
1235 1080 1267 1133 et

119 1177 268 1236 Hebraicis
288 1177 394 1235 litteris
415 1175 498 1234 valde
519 1175 664 1234 eruditum
685 1193 742 1234 nna
763 1193 827 1235 curn
849 1184 949 1248 matre,
970 1177 1092 1236 sublatis
1111 1177 1155 1237 illi
1175 1178 1265 1236 omni·

119 1282 171 1339 hus
192 1280 273 1338 honis
295 1297 347 1352 per
368 1278 606 1337 confiscationem.
638 1279 1130 1354 666616111661666666016666,
1152 1281 1188 1340 de
1208 1297 1265 1356 quo

119 1401 216 1444 coram
237 1385 329 1442 dicam
351 1383 490 1456 pluribus.
521 1384 616 1456 ipsam
631 1383 715 1443 rideo
728 1385 905 1454 modestiam,
925 1401 989 1444 cunr
1006 1384 1149 1443 hominem
1170 1384 1264 1444 rideo.

118 1488 217 1563 Usque
247 1506 302 1563 quo
330 1488 444 1547 domine
465 1489 544 1546 Deus
571 1489 680 1561 pateris
700 1496 808 1548 tautam
830 1488 954 1550 filiorum
976 1495 1089 1548 tuorum
1114 1489 1264 1563 stragem?

117 1593 324 1652 Animadverte
338 1594 434 1663 etiam,
446 1594 536 1665 ipsam
547 1591 786 1652 Vallemlelliuam
803 1595 890 1652 veluti
903 1591 1010 1666 frigere
1022 1594 1051 1650 in
1064 1593 1213 1664 evaugelio
1234 1600 1265 1656 et

122 1713 180 1755 uon
200 1696 350 1770 prolicere,
371 1703 404 1754 ut
424 1697 559 1765 deberet,
582 1698 661 1755 Deus
682 1697 727 1756 hic
748 1714 862 1770 quoque
882 1698 1020 1757 accendat
1041 1696 1118 1756 luces
1138 1699 1263 1772 pietatis,

118 1802 196 1874 quod
216 1817 300 1874 spero
320 1798 471 1858 facturum.

197 1904 267 1962 Cum
280 1900 486 1974 Bullinghero⁸
505 1903 596 1960 multu
616 1901 725 1959 contuli
744 1908 776 1960 et
796 1902 902 1973 monui,
923 1919 986 1976 quae
1007 1902 1075 1961 mihi
1095 1902 1264 1963 riderentur

117 2009 296 2077 necessaria,
326 2007 375 2065 sed
399 2021 494 2064 coram
514 2005 637 2064 narrabo
659 2006 696 2080 (si
717 2006 796 2064 Deus
816 2005 954 2080 voluerit)
975 2022 1069 2080 neque
1090 2013 1262 2066 66661666-

116 2112 280 2171 temueuda.
323 2112 408 2182 Vale,
435 2109 629 2170 illustrissime
650 2109 802 2182 Princeps,
835 2126 886 2168 oro
911 2114 1023 2183 patrem
1045 2109 1152 2168 domini
1172 2111 1263 2169 uestri

114 2215 186 2273 Jesu
208 2215 326 2288 Christi,
347 2221 379 2272 ut
400 2214 468 2273 Tum
490 2213 646 2272 Serenitati
667 2220 774 2287 augeat
794 2229 847 2271 sua
867 2214 951 2285 dona,
973 2212 1105 2286 spiritum
1126 2219 1157 2274 et
1175 2211 1262 2272 fidem

113 2336 168 2392 per
187 2321 311 2379 eundem
332 2319 476 2378 Christum
498 2317 642 2376 dominum
665 2323 802 2376 nostrum.
843 2318 874 2376 ln
900 2318 1024 2376 eundem
1044 2318 1159 2377 modum
1180 2317 1262 2376 multi

113 2423 181 2482 boui
203 2422 310 2482 iratres
331 2422 461 2495 quotidie
483 2427 575 2491 orant,
597 2419 673 2495 quod
694 2418 814 2479 affirmo.

193 2528 301 2586 Datum
321 2525 436 2585 Soudrii
457 2525 486 2582 in
506 2524 693 2582 valletellina
712 2524 760 2583 die
783 2524 851 2582 XVl
871 2523 951 2582 Junii
975 2525 1059 2582 1566.

342 2629 547 2688 illustrissima
568 2628 754 2688 celsitudinis
775 2628 888 2687 Vestra
911 2629 1035 2687 scrutor

1015 2730 1182 2804 Vergerius.

656 2913 720 2970 186.

419 3041 545 3127 Verger
567 3063 609 3106 an
632 3043 752 3127 herzog
774 3041 959 3128 Chrishoph.

486 3169 637 3243 Tllhiugeu
659 3170 778 3229 291611
801 3172 885 3230 1563.

679 3314 695 3348 ᾖ

185 3355 197 3406 1
219 3353 247 3408 S.
270 3370 296 3406 u.
319 3353 376 3408 176.

185 3438 333 3507 aalysiae
359 3437 551 3507 Martiuengo,
577 3436 645 3506 grai
666 3453 720 3491 von
747 3437 866 3516 ¹Barcho.
902 3437 1047 3494 11666616
1073 3439 1181 3495 erallhlt
1205 3456 1259 3496 von

112 3529 179 3591 ihm,
199 3525 255 3581 dass
275 3543 305 3581 er
323 3525 369 3580 ein
389 3525 540 3597 gelehrier,
558 3524 690 3580 frommer
708 3524 873 3587 edelmauu,
893 3524 1019 3580 mehrere
1033 3524 1116 3596 J'ahre
1133 3528 1204 3599 lang
1221 3524 1258 3582 im

113 3611 665 3682 16111166166661366611666666661
689 3610 841 3681 gepredigt
865 3609 954 3675 habe,
979 3614 1074 3682 opiter
1097 3612 1260 3682 geistlicher

114 3701 164 3756 der
182 3700 383 3756 italiiuiseheu
407 3699 556 3769 gemeinde
580 3699 609 3752 iu
629 3700 801 3767 Autwerpen
820 3699 914 3753 arunde
932 3699 993 3754 385.
1029 3703 1055 3753 tl.
1075 3717 1102 3754 6.
1122 3701 1180 3754 197.
1198 3701 1259 3755 268.

111 3788 173 3842 224.
210 3787 318 3857 Herzog
336 3786 485 3856 Christoph
505 3787 692 3842 unterstlltate
710 3784 761 3839 ihn
779 3786 884 3841 eiumal
904 3788 1071 3843 bedentend.

181 3874 199 3926 3
218 3873 243 3927 S.
264 3891 289 3926 u.
311 3875 369 3926 111.
388 3874 483 3944 Meyer
502 3873 535 3936 II,
555 3872 652 3928 25611.
671 3871 810 3927 berichtet
827 3890 877 3928 aue
896 3873 960 3929 dem
978 3873 1082 3928 munde
1100 3872 1259 3945 Bulliugere

111 3960 247 4016 auderes:
274 3959 346 4024 vide,
365 3961 446 4031 augia
464 3959 523 4014 ihm
542 3959 697 4031 Bullinger,
715 3961 747 4014 ut
765 3960 793 4013 iu
811 3960 862 4014 illu
879 3960 996 4017 eeclesia
1014 3963 1117 4031 pacata
1135 3964 1165 4016 et
1183 3964 1259 4018 reela

110 4047 245 4102 instituta
264 4045 336 4100 nihil
356 4046 463 4102 coneris
482 4045 528 4102 vel
546 4063 650 4103 novare
668 4047 713 4102 vel
731 4048 876 4103 turbarum
888 4049 1018 4113 miseere;
1036 4050 1094 4104 und
1108 4050 1178 4105 liber
1190 4049 1258 4106 Ver·

111 4151 176 4204 gers
195 4134 373 4205 hemhhung,
392 4133 438 4189 616
457 4133 594 4205 gesprllch
611 4134 750 4190 auiueheu
769 4135 856 4191 Brona
874 4136 932 4190 und
950 4136 1096 4208 Bullinger
1114 4136 1256 4193 horbaisu·

111 4221 220 4286 tilhren,
233 4223 341 4277 warute
354 4221 404 4276 der
415 4221 547 4278 letatura:
566 4238 602 4277 66
616 4224 748 4292 pergeret
759 4239 843 4294 agere
860 4223 895 4279 de
911 4223 1003 4288 rebus,
1022 4223 1058 4279 de
1075 4222 1178 4294 quihus
1195 4224 1257 4280 uul-

111 4307 171 4362 lum
189 4307 308 4364 haberet
323 4309 498 4366 mandatum.
