2768 4740
665 283 724 342 331

665 541 726 594 148.

423 639 547 725 Verger
570 664 611 705 an
635 642 754 727 herzog
777 643 961 730 Christoph.

470 752 619 827 Tttbiugen
641 757 659 811 8
681 755 812 813 Februar
835 761 918 814 1562.

187 856 328 910 Wiiusoht·
346 856 448 925 herzog
463 856 613 925 Chrisioph
626 874 657 910 zu
671 856 761 911 seincr
774 859 1019 912 cusmnureulmull
1031 860 1083 914 mil
1096 860 1149 913 clun
1162 859 1265 914 ticinen

116 970 149 1005 zu
170 951 322 1022 begleiien.

195 1050 390 1107 Illustrissime
412 1049 550 1123 Princeps
571 1056 601 1106 et
623 1051 743 1108 Domine
766 1051 888 1110 Domine
910 1052 1153 1112 elementissimo!

194 1154 300 1212 lterum
322 1155 419 1227 accepi
445 1155 481 1212 ab
508 1155 702 1215 illustrissimo
729 1156 804 1214 duce
826 1157 949 1214 Prussiae
970 1159 1120 1228 litterns¹,
1147 1166 1177 1218 ot
1204 1159 1266 1232 qni·

117 1256 182 1314 dem
204 1274 256 1315 sua
275 1258 393 1328 proprie
413 1274 499 1315 manu
520 1267 664 1331 exaratas,
686 1259 722 1318 de
744 1261 846 1332 mribus¹
867 1277 976 1331 coram;
997 1268 1065 1320 snut
1079 1264 1152 1320 cuim
1167 1263 1264 1335 hujus-

116 1361 208 1429 modi,
236 1362 272 1419 de
295 1361 397 1434 quibus
418 1379 473 1419 nou
496 1361 617 1420 audeam
639 1379 691 1434 per
712 1364 839 1420 chartam
861 1373 890 1420 ot
910 1370 1118 1432 atramentum,
1144 1370 1176 1420 ut
1197 1382 1264 1437 apro·

116 1465 209 1524 stolus
230 1468 280 1524 ait.

198 1571 291 1629 Unum
313 1572 413 1639 dicam,
437 1572 513 1644 quod
534 1590 590 1630 nou
613 1573 746 1645 princeps
768 1576 836 1646 ipse,
859 1574 909 1630 scd
932 1576 995 1646 ojus
1015 1574 1142 1631 medicus
1158 1573 1265 1644 scribit,

119 1676 186 1730 vina
207 1675 318 1732 vestm
339 1675 525 1733 Celsiturlinis
546 1677 660 1733 tumlem
688 1678 853 1743 advenisse,
881 1678 931 1735 scd
960 1696 1038 1734 suum
1066 1678 1265 1736 celsitudinem

122 1780 296 1850 existimare,
319 1781 395 1853 qnod
413 1781 525 1850 jndicio
547 1782 714 1838 vestrorum
737 1782 939 1853 ministrorum,
962 1799 1139 1856 nequaquam
1152 1784 1265 1854 Vestro,

121 1884 228 1941 fuerint
250 1886 366 1949 selecta,
388 1887 428 1943 sic
449 1885 548 1944 scribit
568 1886 693 1944 medicus
715 1886 811 1944 Stoins
831 1887 1008 1956 cognomine.

197 1990 302 2063 Accepi
331 1991 417 2048 etium
438 1991 616 2062 amonim,
644 1991 684 2049 ibi
711 1998 879 2064 exspectant
900 1992 1031 2048 Vestram
1058 1990 1263 2065 Celsitudiuem

117 2093 164 2151 die
191 2099 238 2160 15,
261 2113 324 2167 quae
345 2095 583 2166 pertranseatur]
606 2096 777 2169 colloquium
799 2113 861 2154 cnm
884 2096 1077 2154 illustrissimo
1099 2095 1171 2154 tlnee
1194 2094 1262 2152 Gui-

114 2193 210 2252 sano²
230 2195 283 2269 (sic
305 2199 379 2275 euim
401 2197 558 2272 scribunt),
589 2197 624 2254 de
651 2215 686 2256 eo
708 2199 862 2271 scripserat
883 2199 918 2256 ml
941 2217 985 2257 me
1005 2200 1181 2258 Ruscalouns
1193 2199 1212 2270 ³,
1234 2206 1264 2256 et

115 2302 233 2375 dignata
262 2307 306 2359 est
333 2302 401 2358 mihi
425 2303 528 2358 lustra
549 2302 697 2359 Celsitndo
724 2303 833 2373 aliquid
862 2303 897 2360 de
924 2319 960 2360 ea
987 2321 1019 2361 ro
1043 2298 1262 2361 communicare.

115 2408 212 2477 Quare
234 2405 268 2480 (si
291 2406 416 2462 cundum
437 2405 525 2464 fucrit
546 2405 661 2482 revera)
683 2407 706 2462 si
729 2406 850 2476 videtur,
872 2409 895 2463 si
917 2407 1040 2476 ridetur,
1061 2407 1185 2480 inquam,
1208 2423 1262 2477 ego

113 2511 337 2569 illustrissimam
361 2510 565 2568 Celsitudiuem
588 2510 718 2568 Vestrum
740 2510 964 2581 cumromitarer‚
986 2526 1155 2584 quamquam
1178 2527 1262 2567 curru

115 2617 221 2684 vehor;
251 2633 358 2684 cnusae,
381 2634 445 2689 quae
466 2633 510 2674 me
531 2622 655 2685 morem,
676 2623 757 2682 sunt,
780 2615 855 2687 quod
877 2633 932 2672 non
954 2615 1038 2672 morlo
1059 2615 1189 2672 adessem
1212 2614 1262 2670 do-

114 2721 191 2777 miuo
213 2737 275 2776 meo
297 2717 525 2788 clementissimo,
548 2717 761 2789 quiriisenmquo
773 2717 833 2786 sim,
850 2717 900 2774 sed
914 2735 968 2775 uou
985 2725 1028 2775 cst
1044 2718 1169 2790 dubium,
1192 2720 1260 2792 quin

113 2825 225 2896 aliquot
246 2824 311 2881 ltali
333 2831 361 2880 et
382 2820 498 2896 qnihem
520 2822 595 2880 dorii
618 2822 670 2879 viri
693 2830 789 2879 esseut
810 2821 900 2881 futuri
922 2841 958 2881 ex
979 2822 1064 2880 Italia
1084 2822 1160 2897 (cum
1181 2825 1260 2882 lmti-

114 2946 175 2987 cum
187 2929 291 2987 habeat
303 2928 462 3002 uxorom‘).
495 2927 566 2987 Cum
587 2928 643 2986 illis
660 2927 758 3000 ineque
775 2943 909 2986 versarer
929 2934 959 2986 et
979 2944 1174 3001 suggererem,
1197 2946 1261 3002 quae

680 3024 695 3057 ᾖ

188 3104 200 3156 l
222 3103 341 3170 Vergere
360 3102 484 3155 aniworl
503 3119 522 3153 r.
543 3099 604 3173 3¹⁵¹ss
622 3119 644 3153 s.
662 3102 722 3154 580.

185 3190 201 3242 2
222 3190 330 3259 Herzog
349 3186 498 3256 Christoph
526 3205 581 3240 ivar
611 3204 663 3242 ron
689 3187 750 3241 clem
777 3188 880 3258 herzog
898 3189 986 3242 Franz
1012 3204 1066 3242 rou
1084 3188 1181 3251 Goise,
1210 3189 1261 3243 mit

113 3276 247 3330 welchem
267 3293 298 3329 er
316 3275 345 3329 in
366 3292 460 3344 regem
481 3274 673 3329 briefwecheel
692 3275 783 3337 stand,
803 3294 835 3327 zu
852 3276 928 3330 einer
941 3276 1183 3329 nrrscmmenlrunst
1202 3275 1260 3329 ein·

112 3362 235 3432 geladeu
256 3364 379 3426 worden;
407 3361 542 3424 dieselbc,
569 3380 605 3416 au
625 3362 745 3418 welcher
765 3362 914 3432 Christoph
934 3362 987 3415 mit
1008 3362 1111 3425 Brenn,
1142 3363 1259 3425 Andreli,

113 3449 295 3513 Bidembuch,
314 3451 460 3519 Eililinger
480 3450 535 3502 und
554 3450 599 3505 die
614 3453 630 3503 4
646 3449 810 3504 Gnieischen
832 3450 935 3503 briider
954 3449 1024 3504 theil
1044 3450 1172 3512 nahmen,
1192 3449 1260 3503 saud

112 3537 145 3587 15
166 3536 208 3589 bis
229 3537 261 3588 18
281 3537 452 3592 Februario
473 3535 679 3590 Elsall-Zubern
699 3537 783 3597 etaim
814 3535 938 3590 dieselbe
957 3536 1084 3606 bewegte
1103 3537 1178 3599 sich,
1209 3536 1260 3589 wie

111 3622 173 3675 sich
192 3623 302 3678 denken
322 3623 392 3686 latit,
411 3623 473 3676 sehr
492 3622 520 3676 in
540 3621 689 3693 religionen
710 3621 822 3691 dingen.
851 3622 903 3676 Die
923 3624 1025 3678 Guiseu
1045 3624 1212 3678 verstauden
1232 3640 1260 3676 cs

112 3711 304 3775 vortrefflieh,
331 3709 565 3782 protestantisehe
585 3710 753 3779 grundshtze
773 3710 849 3762 lruntl
869 3728 900 3762 zu
920 3710 1009 3781 gebun
1036 3712 1091 3764 und
1111 3709 1259 3779 Chrisloph

111 3795 208 3850 sehied
236 3815 289 3850 von
316 3798 401 3852 ihnen
427 3798 492 3851 sehr
517 3797 677 3866 bcfriedigt.
715 3796 769 3851 Das
796 3797 914 3851 blutbod
940 3815 994 3851 von
1015 3798 1103 3868 Vassy
1127 3798 1151 3865 (l
1173 3796 1260 3862 Mitrn)

111 3883 205 3954 zeigle
225 3886 293 3939 aber
311 3886 371 3940 ihre
390 3887 484 3940 wahre
503 3886 663 3954 gesinuung
688 3901 740 3936 nur
766 3902 797 3936 zu
822 3884 962 3948 deutlich;
991 3884 1067 3938 siche
1096 3884 1140 3937 die
1165 3883 1261 3952 cigen-

111 3971 237 4040 hiiudige
256 3973 374 4026 relation
396 3973 516 4029 dar-tiber
534 3991 588 4028 von
608 3973 712 4042 herzog
725 3972 873 4041 christoph
895 3971 1000 4025 Sattler
1018 3971 1064 4033 IV,
1086 3970 1149 4024 beil.
1167 3971 1217 4024 215
1232 3968 1258 4022 ff.

112 4058 209 4121 Buum,
233 4060 304 4116 Beza
324 4062 359 4124 ll,
378 4065 429 4116 554
448 4063 476 4115 ff.
513 4061 616 4116 Soldan
639 4061 657 4126 1,
677 4062 728 4115 586
748 4060 775 4113 ff.
813 4059 917 4128 llugler
935 4059 969 4120 11,
989 4058 1038 4112 331
1059 4059 1085 4112 ff.

185 4146 247 4200 38.
266 4147 306 4200 br.
326 4165 351 4201 u.
373 4149 430 4203 121.

185 4235 201 4285 4
221 4234 303 4289 Anna
322 4253 376 4290 von
394 4236 597 4300 Ferrum-Este,
616 4235 725 4292 tochter
744 4253 798 4291 von
816 4236 934 4298 Renatm
952 4253 974 4288 e.
993 4234 1034 4288 br.
1054 4251 1081 4286 n.
1098 4234 1125 4296 2,
1143 4231 1183 4287 eie
1202 4249 1259 4291 war

113 4319 254 4391 librigeus
270 4322 350 4377 nicht
367 4323 396 4378 in
416 4324 536 4388 Zabram
555 4323 626 4381 cuch
645 4341 740 4380 waren
758 4322 841 4380 keine
859 4321 994 4379 liclihner
1012 4321 1083 4379 dore.
