2768 4740
129 269 197 328 ¹⁵⁵⁵
531 338 536 375 ·.
555 231 595 323 {³
623 334 640 356 .,
671 282 729 344 ιοι

125 461 211 521 peres
229 445 346 520 fratres,
367 449 416 522 qui
436 440 628 510 laborabunt·
625 414 758 525 mecon
768 451 797 536 iu
826 452 975 524 versione,
1005 454 1088 527 cujus
1112 454 1196 513 modo
1216 469 1275 513 ms·

125 551 209 622 miui;
231 550 386 610 subsistam
397 551 541 626 Nirtingm
558 555 647 628 atque
667 530 742 613 'illic
745 522 905 661 sinuosum
921 573 1090 631 responsum
1106 559 1273 632 expectabo.

124 655 241 715 Judrcm
250 655 307 715 Der
321 655 418 715 abusus
429 655 561 734 [?]1pse
581 660 624 717 ita
642 658 679 717 ab
700 665 822 719 aternu.
829 651 984 762 metuerat,
1005 663 1038 719 ut
1057 662 1109 721 1111
1132 662 1190 722 duo
1210 679 1274 722 mea

126 758 234 834 scripta
254 759 284 818 in
305 764 402 834 regius
421 777 522 820 manus
542 765 743 837 pervenirent,
772 771 804 822 ut
824 744 967 841 renueret
983 766 1129 848 aliquot
1120 783 1272 827 mexcnsa·

123 863 213 936 biles,
242 880 392 938 speremus
420 884 507 940 quum
528 870 616 927 simus
636 868 688 927 filii
707 869 780 941 Dei,
808 876 920 942 patrem
941 854 1086 987 ausuum
1078 871 1187 985 omnia
1209 888 1271 932 ver·

124 985 221 1028 sorum
242 968 273 1026 in
294 968 409 1028 bouum
1086 1013 1111 1032 ..
1111 948 1176 1048 ''„··.

201 1072 378 1133 &ommeudo
400 1091 445 1134 me
466 1080 636 1134 reverenter
656 1074 831 1134 Celsitudiui
852 1075 974 1136 Vestrae
1010 1056 1196 1149 uoeppingsc·
1199 1055 1276 1159 silli·
1283 1106 1327 1152 ·..

123 1178 275 1239 Februarii
300 1179 386 1238 1555.
1219 1143 1290 1217 ··.·‘
1314 1177 1323 1191 ⁴
1353 1182 1361 1191 ’

384 1283 525 1360 Ejusdem
546 1283 732 1344 Celsitudinis
753 1285 866 1345 Vestrae
886 1284 1011 1345 servitor

1026 1389 1192 1461 Vergerius.

663 1661 711 1718 24.

425 1788 550 1877 Verger
572 1812 615 1856 an
638 1760 756 1878 herzog
778 1790 963 1876 christoph.

488 1933 635 2007 Stuttgart
656 1935 693 1992 10
713 1934 794 1993 unz
818 1934 900 1992 1555.

190 2032 295 2088 Warut
322 2033 425 2105 herzog
449 2034 598 2106 Christoph
624 2053 674 2091 vor
701 2037 765 2091 dem
793 2034 902 2090 aukauf
925 2033 1119 2090 italianiacher
1143 2048 1264 2088 waareu.

123 2115 195 2183 Uber
214 2127 297 2183 einen
315 2129 422 2198 augriff
437 2129 488 2184 auf
503 2129 562 2184 sein
580 2129 669 2185 leben.
704 2128 896 2186 Naohriohten
914 2146 964 2184 aus
982 2128 1119 2200 llngluud.

197 2225 394 2285 illustrissime
425 2232 455 2286 ot
484 2227 736 2288 Excellentissime
757 2227 899 2301 Princeps
927 2243 961 2286 ac
990 2227 1112 2285 Domine
1141 2223 1264 2284 Domine

121 2327 349 2388 Gratiosiasimel

196 2434 311 2508 Aliquis
330 2435 421 2493 Italus
442 2452 544 2509 magna
571 2436 729 2496 autoritate
756 2443 787 2496 ot
810 2435 921 2509 pietate
948 2436 993 2492 vir
1018 2433 1118 2493 scribit
1144 2432 1181 2490 ad
1207 2448 1262 2504 me,

119 2539 260 2611 perlatum
291 2537 380 2599 luisse
410 2539 440 2596 iu
471 2538 603 2613 Italiam,
638 2540 769 2599 Vestram
798 2538 1006 2599 Celsitudinem
1038 2536 1141 2595 emisse
1171 2551 1265 2608 nuper

120 2643 258 2716 Augustas
278 2643 416 2717 quasdam
436 2642 633 2703 conlectiones
653 2649 683 2701 et
696 2648 866 2703 reverenter
876 2647 982 2711 monet,
1003 2640 1092 2699 semel
1103 2655 1161 2698 nou
1174 2635 1263 2697 luisse
1334 2685 1340 2695 ,

119 2748 294 2820 periculum,
314 2748 366 2807 sed
386 2746 514 2806 futurum
536 2748 705 2821 maximum,
736 2747 759 2807 si
782 2747 884 2806 eadem
905 2744 1053 2804 celsitudo
1073 2743 1178 2801 Vestra
1196 2759 1262 2816 per·

120 2861 267 2914 serenaret
293 2855 429 2928 emendo,
459 2852 692 2929 quandoquidem
719 2851 799 2925 Papa
825 2857 980 2911 conaretur
1005 2863 1189 2919 corrumpere
1209 2846 1262 2906 ali·
1299 2906 1301 2910 Α

117 2975 201 3030 quem
223 2963 428 3029 mercatorem,
450 2959 500 3035 qui
519 2958 712 3021 confectiones
732 2975 844 3018 veneno
866 2957 957 3034 (more
977 2955 1119 3032 Romano)
1140 2952 1262 3013 inlectos

117 3063 297 3122 obtruderet.

195 3166 283 3225 Volui
303 3167 357 3227 boc
377 3166 535 3240 monuisse;
566 3167 638 3227 dicit
662 3166 778 3240 quidam
803 3165 947 3238 scriptura
966 3164 1002 3224 de
1023 3163 1122 3222 electis
1143 3162 1175 3220 et
1195 3160 1261 3220 liliis

115 3271 188 3330 Dei:
229 3272 314 3331 Etsi
340 3271 521 3332 mortiferum
548 3271 617 3347 quid
643 3271 789 3344 biberint,
818 3273 854 3330 iis
880 3287 937 3331 non
964 3268 1096 3339 nocebit;
1123 3266 1175 3325 sed
1202 3265 1261 3324 alis

115 3377 262 3451 scriptura
281 3375 365 3436 simul
385 3382 492 3449 mouet,
512 3392 564 3436 nos
584 3375 690 3435 debere
712 3392 775 3434 csse
788 3374 953 3446 prudentes.
984 3369 1258 3441 BoneDsus,quam

115 3482 265 3542 exultaret
283 3484 470 3566 autichristus
490 3487 520 3541 et
540 3488 632 3554 satan,
652 3483 676 3540 si
697 3481 766 3554 quid
780 3485 878 3554 posset
892 3479 922 3537 in
936 3476 991 3535 hoc
1002 3475 1125 3550 genere!
1146 3474 1261 3534 avertet

113 3601 167 3643 sua
187 3585 286 3645 divina
306 3587 450 3660 majestas.

194 3690 224 3749 Si
248 3689 323 3750 forte
345 3690 449 3750 Vestra
471 3689 619 3750 Golaitudo
639 3695 760 3765 cuperet
779 3689 887 3748 habere
907 3694 1016 3748 eertum
1038 3686 1190 3757 hominem,
1211 3685 1260 3757 qui

113 3811 152 3853 ex
172 3794 259 3854 111111
278 3797 410 3855 mitteret
430 3794 640 3868 conlectiones,
672 3793 795 3854 sericum
817 3800 872 3852 otc.
901 3793 1095 3855 inveniremus
1115 3790 1258 3850 hominem

111 3898 192 3973 pium
214 3904 302 3974 atquo
323 3901 410 3959 etiam
431 3899 558 3971 divitem,
579 3898 629 3972 qui
648 3897 775 3956 libenter
796 3913 869 3955 onus
884 3896 1044 3971 susciperet
1061 3897 1091 3952 et
1105 3893 1181 3950 bona
1200 3889 1257 3953 fide

111 4010 224 4078 ageret.

192 4109 271 4169 Data
291 4115 337 4169 eat
357 4108 427 4168 mihi
448 4109 638 4181 domuncula,
669 4125 733 4183 quac
760 4107 796 4166 ab
822 4124 879 4165 una
904 4106 987 4178 parte
1008 4101 1097 4162 habet
1117 4100 1145 4159 d.
1166 4100 1257 4158 Bren-

111 4213 195 4285 tium,
217 4230 253 4273 ex
273 4215 368 4272 ultera
388 4214 512 4287 hortum,
534 4230 622 4288 quare
639 4230 714 4287 saepe
730 4212 810 4273 fruor
826 4217 948 4284 utroque
961 4223 1065 4280 magua
1085 4221 1148 4263 eum
1169 4204 1256 4263 animi

111 4319 272 4392 voluptate.
313 4317 489 4380 Benedictus
513 4324 598 4394 pater
625 4318 733 4380 domiui
758 4315 850 4378 nostri
868 4316 939 4379 Jesu
960 4310 1068 4372 Christi
1094 4309 1145 4387 qui
1170 4305 1257 4381 eripit
