2768 4740
106 247 177 301 1511
649 257 712 319 239

104 422 289 481 recusatione
317 423 471 484 Mantuani
496 424 610 484 concilii
625 424 642 483 ¹.
690 425 764 484 Nam
794 429 890 486 omnia
916 428 1076 487 Sleidano’
1102 430 1258 489 murmani-

103 528 177 598 cavi,
198 542 292 598 neque
312 544 440 602 uuquam
461 530 542 600 potui
561 544 744 602 recuperare.
777 532 885 590 Verum
900 532 1096 592 Illustrissima
1108 534 1258 594 celsitudo
1319 560 1324 571 ·

104 629 211 690 Vestra
228 630 348 705 jubeat,
377 640 410 690 ut
437 633 501 707 quis
528 634 649 705 incipiat
668 650 686 692 a
707 633 763 694 fine
785 638 878 695 octavi
899 634 966 694 libri
993 644 1023 696 et
1043 645 1147 712 pergat
1166 655 1259 712 usque
1289 692 1293 697 .

104 735 143 792 ad
164 735 366 796 duodecimum
387 738 545 805 exclusive,
574 744 604 795 et
630 737 758 798 inveniet
786 746 844 797 tum
866 740 1054 800 indictionem
1074 740 1158 802 Pauli
1177 744 1221 802 lll
1241 760 1259 802 a

105 855 152 897 ma
173 840 202 898 in
224 839 408 900 Germaniam
429 841 555 911 allatam,
576 850 638 900 tum
659 858 727 901 vero
749 829 968 903 recusationem.
1010 842 1130 903 Altirmo
1151 852 1257 918 autem,

108 943 184 1017 quod
205 942 358 1004 Sleidanus
378 948 407 1004 in
428 946 472 1035 his
492 946 618 1005 fideliter
637 963 669 1006 sc
694 950 820 1019 gesserit
845 947 998 1024 (quidquid
1025 951 1054 1007 in
1082 949 1147 1008 eliis
1172 951 1259 1009 rebus

109 1047 223 1125 fecerit)
237 1051 305 1120 scio,
327 1065 372 1108 me
394 1052 538 1110 monuisse
558 1059 645 1124 etque
667 1051 838 1111 instruxisse
859 1053 1002 1111 hominem
1023 1055 1052 1111 in
1067 1053 1121 1126 bis,
1142 1070 1206 1126 quar
1221 1053 1258 1112 ud

109 1153 258 1212 concilium
280 1155 421 1226 attinent,
447 1162 620 1228 exstantque
640 1133 755 1226 publica
774 1157 896 1228 scriptu,
928 1157 1005 1215 unde
1026 1156 1075 1215 ille
1097 1160 1188 1218 multa
1208 1158 1258 1218 de·

107 1259 238 1328 sumpsit.
1097 1314 1101 1322 .

189 1365 219 1424 Si
241 1362 311 1438 qnid
332 1362 412 1421 eliud
439 1363 468 1420 in
497 1364 550 1421 bac
576 1379 676 1433 censa,
707 1380 771 1436 quae
792 1362 897 1422 Christi
927 1371 972 1422 est
999 1382 1102 1437 cansa,
1133 1383 1258 1439 possum,

108 1470 214 1527 Vestra
234 1468 434 1526 illustrissime
454 1467 604 1527 Celsitudo
633 1467 767 1541 dignetur
793 1468 951 1527 admonere
982 1477 1069 1543 utque
1098 1472 1256 1545 imperare;

109 1588 210 1631 versor
230 1572 324 1631 adhuc
344 1573 374 1630 in
396 1589 431 1630 en
451 1588 537 1631 causa
558 1579 588 1631 et
615 1573 783 1646 gravamine
808 1573 913 1646 colligo
944 1573 1025 1633 nobis
1050 1575 1133 1633 illata
1158 1583 1259 1635 contra

105 1678 154 1748 jus
175 1685 207 1735 et
226 1675 270 1734 fas
290 1678 319 1735 in
340 1677 396 1735 isto
418 1677 539 1736 concilio
560 1676 737 1736 adornando.

188 1782 327 1841 Discessit
347 1780 461 1852 stetim,
488 1780 537 1839 ubi
557 1781 717 1853 Tubingam
738 1783 820 1852 reni,
850 1783 975 1841 servitor
1001 1783 1089 1854 legati
1117 1784 1229 1867 papalis
1240 1783 1258 1842 ⁸.

108 1888 216 1957 Accepi
238 1903 274 1944 cx
294 1885 380 1945 ltalia
400 1886 529 1952 litteras,
550 1901 614 1956 qum
635 1901 728 1943 meam
749 1886 940 1960 suspicionem
962 1893 1106 1946 auxerunt
1125 1887 1161 1946 de
1182 1889 1259 1948 bello

111 1997 177 2064 post
199 1992 349 2050 concilium
371 1991 525 2050 metuendo
537 1990 557 2047 ⁴.
598 1990 749 2062 Scribunt,
778 1991 805 2048 d.
826 1991 954 2050 Venetos
981 1994 1093 2050 munire
1113 1995 1259 2052 civitatem

108 2093 261 2169 Bergomi,
294 2112 391 2154 eorum
413 2094 519 2154 milites
540 2096 594 2153 buc
615 2101 646 2153 et
665 2095 735 2153 illnc
755 2111 909 2154 excurrere
931 2111 1030 2154 eorum
1050 2097 1200 2169 mandato,
1227 2105 1259 2155 nt

109 2199 152 2271 fit,
174 2202 199 2258 si
221 2199 334 2273 qnando
355 2199 461 2258 bellum
482 2206 651 2272 exspectant
670 2198 829 2258 infinibus.
860 2199 973 2258 Deinde
994 2200 1130 2270 scribunt,
1150 2200 1259 2274 Papam

108 2320 292 2363 accessurum
313 2304 482 2375 Bononiam,
501 2302 627 2377 Philippi
649 2319 718 2362 tero
743 2303 946 2376 Hispaniarum
968 2303 1175 2377 1·egis·filinn⁸
1194 2305 1258 2365 Me·

108 2409 265 2480 diolauum,
288 2425 351 2482 qum
372 2410 467 2466 omnin
481 2406 615 2466 videntur
629 2408 737 2467 bellum
757 2407 940 2467 denuntiare.
972 2405 1098 2468 Prodest
1118 2411 1258 2482 timuisse,

108 2521 140 2572 et
160 2529 239 2587 saepe
261 2512 367 2584 nocuit,
389 2511 472 2570 nihili
493 2510 606 2570 fecisse.

189 2617 282 2676 Velim
302 2632 356 2691 per
369 2615 533 2689 quindecim
547 2615 610 2673 dies
622 2614 781 2688 Gbppingoe
803 2631 866 2674 osse
888 2623 918 2674 et
937 2619 1043 2689 partim
1063 2616 1170 2689 lavare,
1192 2632 1258 2690 pan·-

107 2724 161 2782 tim
181 2721 282 2781 bibere
303 2738 340 2781 ex
360 2721 412 2779 illa
431 2737 514 2794 aque.
551 2719 598 2780 Sic
619 2720 694 2778 enim
715 2718 870 2779 consulunt
889 2719 993 2778 medici
1013 2726 1045 2779 et
1064 2720 1257 2779 1161111111-

108 2827 252 2886 strissima
282 2825 431 2885 celsitudo
460 2824 608 2897 imprimis.
659 2821 776 2882 Utinam
807 2822 977 2896 dignaretur
1005 2824 1122 2883 mittere
1147 2823 1184 2882 ad
1212 2841 1257 2884 me

108 2931 239 3002 litteras,
268 2929 372 3004 quibus
392 2928 580 2988 manderetur
599 2944 652 2987 sno
672 2926 868 3001 Gbppiugensi
889 2926 1044 3001 praefecto,
1074 2934 1107 2987 ut
1126 2929 1195 2987 mibi
1215 2929 1258 2987 lo-

108 3053 173 3094 cum
201 3035 387 3108 permitteret
413 3035 442 3092 in
473 3049 559 3099 arce,
591 3049 655 3092 cum
683 3048 739 3091 non
765 3032 803 3090 sit
828 3032 947 3091 munita.
988 3032 1080 3090 Velim
1108 3033 1183 3090 euim
1205 3049 1258 3105 por

109 3140 275 3213 quindecim
302 3138 348 3198 uel
368 3138 470 3211 viginti
492 3136 553 3196 dies
578 3137 639 3195 illic
664 3137 781 3210 degere.
821 3136 943 3195 Publica
969 3136 1183 3196 diversorium
1211 3137 1259 3194 via

108 3244 200 3317 regia,
222 3244 260 3303 ad
281 3260 344 3316 qum
364 3248 423 3301 tam
444 3241 527 3299 multi
547 3240 693 3315 peregrini
714 3241 806 3299 solent
828 3240 983 3311 accedere,
1013 3239 1106 3299 debeo
1127 3247 1258 3299 metuere

678 3345 692 3378 ss

182 3428 191 3479 l
216 3425 286 3481 Paul
302 3423 344 3478 Ill
362 3423 501 3492 (Parnase,
520 3424 604 3492 pspst
626 3421 694 3476 1534
712 3420 756 3475 bis
774 3421 820 3485 49)
839 3420 919 3474 hatte
941 3420 1067 3475 1535611
1081 3421 1171 3476 concil
1185 3423 1257 3479 nach

109 3516 229 3570 Mantua
247 3511 494 3584 ausgeschriebem
522 3510 629 3579 Verger
648 3525 706 3563 war
725 3508 835 3563 damsls
854 3505 1017 3575 beaulbragt
1041 3524 1185 3579 gewesen,
1213 3509 1259 3564 (116

109 3600 266 3657 deutschen
293 3598 401 3654 filrslan
427 3598 471 3652 fur
494 3596 622 3652 dasselbe
647 3614 680 3649 au
700 3595 858 3664 gewinnon.
898 3593 948 3647 Die
968 3595 1258 3666 absagnngsurlxnnde

110 3688 159 3742 des
171 3684 446 3743 mhmblknldischen
461 3683 645 3763 bundqvon
658 3681 860 3737 Melanobbhon
873 3680 1024 3750 abgefasst,
1037 3681 1074 3736 ist
1088 3699 1150 3737 vom
1160 3683 1192 3736 21
1205 3683 1259 3737 De·

110 3776 222 3831 camber
241 3775 308 3831 1585
327 3773 439 3835 debiert,
458 3790 480 3826 s.
498 3770 561 3826 Sixt
578 3760 612 3825 111
631 3770 660 3824 ff.

178 3864 196 3917 2
216 3862 243 3917 8.
261 3880 289 3916 n.
312 3863 350 3915 ll.

181 3953 197 4005 3
216 3949 242 4003 S.
263 3967 288 4002 u.
309 3949 359 4002 125
377 3946 435 4000 ttnd
456 3947 514 4000 110.

179 4024 292 4090 ubter
311 4035 407 4089 diesen
425 4052 458 4087 zu
483 4033 677 4088 erwarteuden
706 4031 788 4103 111163
815 4030 891 4086 siche
918 4031 968 4084 dna
994 4026 1182 4084 ausmhrliche
1201 4044 1258 4081 ure·

108 4122 210 4178 morial
229 4123 351 4190 Vergers
368 4119 489 4175 daritber
507 4120 548 4175 br.
566 4138 593 4174 u.
612 4119 678 4174 cea.
699 4120 757 4174 134.

181 4211 197 4261 5
216 4207 286 4261 War
305 4207 368 4262 eine
386 4206 490 4263 falsehe
515 4205 673 4268 nachricht,
703 4204 776 4260 deun
796 4205 849 4258 dou
871 4204 980 4266 Carlos,
1009 4221 1062 4256 von
1088 4203 1151 4255 dem
1170 4200 1257 4255 allelu

105 4297 154 4351 die
173 4296 242 4351 redo
260 4295 320 4350 sein
338 4295 424 4358 kann,
445 4295 508 4349 knut
528 4294 574 4349 nie
594 4293 666 4349 nach
687 4293 821 4348 blailand.

161 4401 258 4454 verger
455 4418 462 4431 ·
503 4454 507 4461 1
1019 4387 1050 4440 111
