2768 4740
123 253 193 310 latta
668 257 728 318 471

118 444 273 496 aerurnuae,
295 425 361 485 dum
374 427 478 499 possim
495 441 648 485 occurrere
669 425 735 483 huic
757 433 838 485 tauto
860 429 944 498 malo,
966 427 1052 486 etiam
1074 427 1099 483 si
1122 425 1190 484 mihi
1210 444 1269 484 mo·

118 532 254 592 rieudum
276 531 323 590 ait.

188 659 297 714 Hiuton
316 673 372 712 voa
391 657 438 712 dea
457 656 573 724 hercogs
593 655 684 710 haud:

192 747 250 801 Dae
268 764 332 817 pauo
350 745 386 799 ist
406 742 470 798 woll
489 743 603 812 begert,
630 744 696 799 abor
716 743 759 797 nit
777 742 934 814 bewilligt;
954 745 1064 800 werden
1090 763 1119 799 ec
1137 743 1208 798 auch
1228 743 1271 798 uit

116 833 224 896 thiren,
254 833 345 902 geben
363 831 421 886 sich
440 831 529 886 selbot
548 832 609 886 auti
624 831 669 886 die
688 831 896 886 fleiachbauckh
922 831 1057 899 allodia,
1084 851 1113 886 so
1132 849 1185 886 ron
1206 831 1267 886 doru

116 919 272 990 pabstumb
290 919 484 990 abgetrelteu‚
511 936 552 970 uui
580 936 628 988 aye
655 918 809 973 frembdeur
829 917 1028 988 kriegsvolclrh
1049 918 1101 972 den
1123 918 1269 986 durchzug

116 1007 177 1060 aud
196 1024 261 1076 pass
280 1005 394 1060 worden
414 1006 571 1074 gestatleu,
593 1004 707 1059 uuirdon
726 1021 775 1074 syc
794 1004 885 1075 gewiss
904 1004 949 1060 die
969 1008 1060 1060 ersten
1087 1009 1158 1065 sein,
1185 1023 1214 1060 so
1240 1023 1268 1058 ea

114 1110 266 1162 gereuweu
286 1092 389 1148 warde.

658 1350 724 1404 249.

426 1468 552 1555 Verger
575 1491 618 1535 an
642 1470 760 1556 herzog
784 1471 967 1555 Christoph.

522 1599 680 1673 tubingen,
702 1601 763 1659 siue
784 1602 861 1660 dato.

466 1699 534 1756 nult
552 1701 712 1759 November
732 1705 800 1760 1563
818 1703 917 1759 fallea.

187 1815 278 1870 citur
296 1833 342 1868 um
363 1815 425 1868 trist
445 1815 488 1868 sur
507 1814 552 1868 die
572 1814 720 1870 Litthauer
739 1834 786 1870 aur
805 1815 963 1887 beuahluug
982 1815 1058 1870 ihrer
1084 1813 1197 1876 achu1d;
1221 1814 1264 1866 tur

114 1909 173 1966 sich
194 1929 240 1964 um
260 1910 305 1965 die
325 1908 483 1972 erlaubniss,
502 1909 573 1965 uach
587 1911 777 1966 Graubtlndeu
791 1912 880 1966 reiron
895 1929 927 1965 zu
942 1911 1041 1965 dttrscn
1058 1910 1116 1964 und
1136 1927 1181 1964 um
1201 1907 1264 1962 eiua

93 2005 247 2082 *billigere
267 2005 408 2076 wohnuug
426 2005 455 2058 in
475 2004 632 2077 Tilbiugen.

194 2105 394 2163 illustrissime
416 2104 554 2176 Princeps
575 2112 604 2162 et
626 2106 746 2163 Domine
768 2106 891 2163 ltomiue
913 2102 1157 2163 clementissime!

195 2209 310 2268 Domini
331 2209 472 2267 Lituaui¹
492 2218 632 2282 rogarunt
652 2226 705 2279 mc,
729 2219 760 2269 ut
780 2211 936 2283 supplicem
952 2208 1157 2268 illustrissime
1174 2206 1262 2265 Celsi-

112 2312 208 2373 tudiui
230 2315 340 2372 Vestrae
361 2330 461 2372 eorum
482 2316 604 2384 nomine,
626 2316 712 2388 quod,
733 2333 797 2374 cum
818 2315 943 2373 debeant
964 2315 1006 2372 illi
1028 2317 1172 2374 trecentos
1191 2312 1262 2370 tale·

113 2435 161 2476 ros
182 2434 235 2492 pro
255 2417 377 2477 totidem
397 2420 451 2476 sibi
472 2427 571 2478 mutuo
592 2421 681 2490 itatis,
712 2436 776 2493 quae
799 2419 853 2478 t'uit
874 2419 995 2478 rrtaxima
1017 2421 1081 2492 ejus
1101 2418 1262 2487 clementia,

113 2523 251 2597 dignetur
271 2531 456 2595 exspectare,
485 2525 551 2582 dum
574 2527 602 2583 ia
624 2526 745 2598 patriam
778 2526 908 2584 redeant.
949 2525 1054 2582 Sancte
1082 2523 1156 2580 enim
1184 2520 1262 2579 altir-

112 2635 202 2699 mant,
225 2633 254 2686 et
275 2632 307 2684 ut
330 2626 441 2684 nobiles
458 2626 543 2685 dccet
567 2635 655 2700 atque
676 2628 865 2697 Christianos,
887 2628 1037 2685 sertatim
1058 2625 1178 2682 ruisuros
1199 2623 1261 2680 uiuo

112 2749 203 2793 mora.
244 2733 345 2792 Faciet
370 2733 475 2791 Vestra
495 2733 663 2792 Sublimitas
690 2735 720 2791 iu
749 2751 785 2792 ea
816 2750 847 2793 re
880 2751 939 2793 rem
962 2731 1154 2803 gratissimam
1173 2736 1261 2799 atque

111 2836 300 2898 honorificam
320 2840 374 2896 sibi
395 2846 425 2895 et
445 2838 499 2896 toti
523 2854 622 2896 corum
645 2837 792 2896 lumiliae·.

193 2943 272 3016 Ego,
302 2943 379 3016 quod
399 2943 435 3000 ad
458 2959 502 3001 mc
524 2942 694 3016 Vergerium
714 2943 836 3012 attinet,
867 2945 994 3001 monitus
1014 2957 1076 2997 sum
1097 2953 1114 2994 a
1135 2938 1162 2993 d.
1184 2933 1262 2994 della

114 3044 241 3119 Groyx',
264 3064 294 3105 se
316 3044 511 3118 proiecturum
536 3049 563 3104 in
587 3047 724 3106 Rhoetiam
748 3054 778 3106 et
798 3052 987 3106 tractaturum
1009 3059 1122 3103 causam
1143 3039 1261 3099 loederis

110 3151 268 3210 renovandi
290 3152 318 3208 in
340 3167 438 3208 mense
459 3151 598 3210 Jauuario
620 3151 863 3225 circitertestuur
883 3152 912 3210 S.
935 3150 1032 3216 Pauli,
1061 3155 1091 3206 et
1112 3146 1206 3218 cupit,
1229 3152 1262 3202 at

110 3254 163 3312 aim
184 3270 243 3312 una
263 3270 326 3312 curu
346 3254 406 3311 illo.
449 3255 543 3325 Quare
569 3256 597 3312 iu
619 3257 714 3312 auimo
736 3253 871 3312 haberem
892 3255 1042 3323 accedere,
1064 3260 1094 3311 et
1114 3264 1260 3326 sperarem

110 3359 237 3432 aliquem
259 3357 381 3416 fructum
403 3356 442 3432 (si
464 3357 517 3414 Dei
547 3357 678 3414 voluutas
706 3357 808 3426 esset).
848 3357 954 3415 Vestra
978 3356 1174 3415 illustrissima
1196 3351 1260 3411 Cel·

110 3462 207 3523 situdo
229 3463 364 3537 dignetur
385 3463 481 3520 dicere
504 3479 581 3518 suam
603 3464 797 3527 senteutiam,
829 3479 864 3519 aa
892 3462 960 3520 milri
989 3469 1067 3520 esset
1094 3459 1259 3528 conduma,

110 3585 167 3628 uou
189 3567 383 3626 detrectarem
404 3567 541 3637 laborem,
562 3566 684 3625 maritae
707 3567 773 3639 quia
795 3566 894 3625 dubito
914 3565 1041 3626 futuram
1058 3567 1182 3639 aliquam
1206 3564 1260 3623 dil·

111 3672 270 3732 licultatem
297 3673 326 3729 in
358 3673 532 3730 reuocando.
575 3672 647 3729 Nam
674 3671 793 3743 Hispani
823 3679 851 3729 et
880 3672 1111 3730 Mediolanenses
1137 3669 1259 3728 maximo

110 3785 235 3851 urgent,
268 3794 303 3836 no
324 3776 393 3847 fiat,
426 3777 476 3834 secl
498 3794 562 3835 cum
584 3777 639 3834 illis
660 3779 775 3849 potius,
808 3779 884 3849 (ruod
906 3784 983 3835 certe
1004 3777 1071 3834 scio.
1113 3774 1260 3832 Praeterea

109 3900 267 3956 sperarem,
291 3899 335 3940 me
356 3881 465 3955 aliquid
486 3885 514 3939 in
537 3883 676 3954 religione
698 3881 894 3955 proiecturum
916 3882 1011 3940 multis
1031 3881 1131 3938 modia.

189 3988 326 4046 Habitari
357 3987 497 4046 hactenus
527 3985 625 4044 multis
650 3989 732 4045 anuis
759 4004 811 4061 per
839 3987 894 4045 Dei
921 3986 1043 4061 gratiam
1065 3983 1203 4054 Tubiugae
1230 3981 1259 4037 iu

217 4221 243 4274 S.
263 4240 290 4274 n.
312 4222 369 4274 1³1.

180 4225 272 4362 iDer
291 4242 477 4364 naintriache
495 4309 638 4378 gerundia,
658 4329 678 4362 a.
700 4328 726 4363 n.
749 4312 806 4363 tol.
