2768 4740
125 260 194 317 1⁵⁶⁶
493 299 501 311 ·
671 271 734 333 teo

121 452 194 507 mue,
215 451 266 493 nos
287 436 401 508 quidem
423 436 500 507 licet,
523 444 554 496 ut
575 440 651 512 typis
672 443 846 515 excudatur,
867 444 909 503 ita
929 450 1027 506 umen
1049 446 1221 508 emendatus
1242 457 1272 508 et

120 547 282 608 correctus,
304 548 335 600 ut
357 557 392 598 ex
413 542 475 614 ipsc
496 540 569 601 libro
592 544 690 604 videre
710 546 778 606 lieet
798 548 927 622 nihilque
948 566 1109 623 moramur,
1131 552 1199 626 quin
1220 555 1271 612 mi·

120 661 174 702 nus
196 644 318 704 eundem
340 646 456 705 domiuo
478 646 542 706 duci
557 648 717 708 Radzivillc
733 651 882 712 dedicetis.
914 654 1015 714 Potest
1036 655 1124 714 etiam
1137 656 1273 717 Aurelius

119 764 210 821 nepos
232 758 326 809 vester
355 767 411 809 una
440 751 581 811 vobiscum
609 755 766 826 accedere,
798 773 840 815 ac.
858 757 895 816 de
922 758 975 826 bis.
1004 776 1068 832 quae
1090 759 1128 818 de
1152 760 1272 821 Gallicis

119 856 224 928 legatis
245 855 342 927 babet,
363 858 503 916 certiores
525 874 576 916 nos
597 858 731 918 reddere.
773 861 863 935 quue
885 878 934 920 roa
956 863 1052 921 valere
1074 865 1215 925 volumus.

650 1101 741 1162 indo.

663 1262 728 1317 224.

426 1371 549 1459 Verger
572 1397 614 1440 an
637 1376 756 1462 herzog
780 1378 965 1467 Christcph.

484 1486 634 1561 Ttlbingen
658 1492 690 1545 ll
715 1490 795 1563 April
821 1493 904 1551 1565.

191 1588 277 1644 Bittet
301 1607 347 1642 um
373 1589 475 1659 herzog
501 1589 664 1660 christophe
692 1595 882 1664 verwendnng
907 1595 952 1649 bei
978 1593 1071 1650 kaiser
1092 1594 1268 1650 Maximillae

118 1701 150 1734 zu
171 1684 291 1751 gunsteu
311 1681 388 1737 eines
408 1682 599 1737 verbriebenen
619 1683 776 1739 Italidners.

198 1779 395 1838 illustrissime
418 1780 555 1854 Princeps
576 1787 606 1840 et
627 1781 749 1840 Domine
772 1783 894 1842 Domine
916 1786 1162 1845 clementissime!

198 1883 308 1943 Eodem
331 1884 387 1956 die,
410 1902 466 1958 (luo
488 1886 685 1944 lllustrissima
706 1886 856 1946 Celsitudo
875 1880 979 1948 Vestra
999 1890 1139 1958 discessit,
1160 1887 1266 1948 Tubiu·

118 2005 183 2061 gam
204 1990 283 2048 venit
303 2006 461 2061 generosus
482 1990 509 2047 d.
531 2006 625 2048 comes
645 1989 755 2048 Ulisscs
775 2008 792 2048 u
813 1991 997 2064 Martinengo
1014 1991 1031 2061 ¹,
1056 1992 1092 2050 de
1113 1994 1197 2065 onius
1215 1992 1266 2051 bo·

118 2111 220 2152 norum
241 2092 443 2152 confiscatione
464 2101 551 2168 atque
574 2094 659 2152 exilio
682 2095 843 2169 (religionis
865 2095 979 2154 nomine
1000 2094 1126 2174 tautum)
1150 2095 1267 2155 memini

119 2215 163 2257 me
185 2214 241 2256 non
262 2199 361 2265 semel,
382 2199 432 2256 sed
455 2201 558 2271 saepius
580 2215 643 2258 cnm
659 2198 837 2259 Gelsitudine
849 2200 955 2258 Vestra
968 2201 1165 2260 illustrissima
1184 2216 1266 2260 reve·

116 2309 217 2361 renter
238 2300 409 2370 contulisse,
431 2305 455 2361 is
476 2303 503 2360 in
526 2310 714 2374 commiscet,
736 2305 764 2360 in
787 2319 871 2377 quem
894 2304 997 2364 Vestra
1018 2305 1179 2365 Clementia
1199 2321 1265 2363 cen·

114 2413 174 2466 tum
196 2406 322 2466 florenos
341 2410 370 2465 in
392 2407 576 2466 christianum
599 2407 758 2466 subsidium
779 2408 941 2468 liberaliter
968 2409 1101 2469 donando
1130 2411 1178 2483 pie
1198 2427 1265 2469 con·

115 2511 191 2571 tulit.
224 2512 358 2572 Venisset
378 2519 446 2570 aitte
467 2513 520 2571 bac
541 2511 578 2585 (si
598 2529 650 2584 per
663 2512 856 2571 valetudinem
873 2513 1024 2589 licuisset),
1046 2519 1079 2573 nt
1093 2512 1265 2573 Celsitudiui

114 2617 227 2675 Vestrae
248 2616 453 2675 illustrissimae
474 2633 569 2674 corani
591 2617 700 2689 gratias
721 2622 830 2688 ageret,
854 2617 905 2675 sed
926 2634 989 2676 eum
1006 2617 1120 2676 Domini
1133 2618 1265 2678 voluntas

114 2720 213 2791 tuerit
235 2728 268 2779 ut
288 2721 375 2793 longa
396 2728 426 2778 et
446 2721 613 2792 gravissima
634 2721 805 2792 aegritudine
827 2721 970 2792 detentos,
992 2737 1193 2795 nequecoram
1213 2738 1264 2780 ne·

115 2842 170 2899 que
189 2842 243 2898 per
263 2826 377 2885 litteras
398 2825 494 2900 (sicuti
516 2824 665 2901 voluisset)
693 2824 722 2883 id
751 2832 889 2898 praestare
916 2827 1058 2899 potuerit,
1085 2831 1185 2885 nactus
1202 2827 1263 2899 jam

114 2929 280 2988 valetudine
302 2932 395 2987 minus
415 2929 543 2996 infirma,
564 2928 723 2988 consultius
747 2929 897 3002 iudicavit,
919 2934 1089 2989 reverenter
1109 2928 1262 2988 celsitudi-

114 3049 181 3093 nem
194 3032 327 3092 Vestram
347 3033 571 3092 Illustrissimam
593 3033 656 3105 ipse
677 3032 767 3106 adire,
789 3040 819 3092 et
839 3035 915 3107 quod
937 3036 1012 3108 grati
1033 3035 1118 3093 animi
1139 3033 1264 3093 cllidum

115 3146 169 3206 est,
190 3136 336 3196 humiliter
357 3145 505 3212 prestare.
543 3137 716 3212 Dignabitur
737 3154 805 3212 erge
828 3138 978 3198 Celsitudo
998 3139 1104 3197 Vestra
1124 3138 1264 3198 illustris·

111 3243 186 3301 sima
205 3243 329 3301 eundem
349 3259 402 3317 pro
424 3260 477 3301 sua
497 3242 654 3302 christiana
673 3244 784 3316 pictate
805 3243 965 3301 clementer
985 3243 1142 3316 snscipere.

192 3346 289 3405 Habet.
309 3348 395 3407 etiam
421 3347 475 3405 sibi
496 3346 620 3405 nobilem
642 3347 784 3420 quendam
807 3347 988 3406 vicentinum
1009 3346 1206 3407 Alexandrum
1225 3346 1262 3409 de
1326 3369 1330 3380 ·

112 3450 251 3510 Trissinis
271 3452 447 3525 adjunctum,
469 3454 517 3525 qni
539 3458 657 3525 propter
672 3458 799 3511 nostram
818 3451 986 3525 religionem
1002 3450 1140 3525 prologus
1152 3454 1183 3511 in
1195 3451 1263 3511 Gal·

111 3555 180 3615 liam
201 3558 294 3631 primo
315 3575 346 3616 se
367 3557 505 3628 contulit3
531 3556 586 3614 init
605 3557 681 3615 enim
703 3555 833 3628 captivus
853 3562 884 3615 et
903 3556 1072 3639 gravissime
1092 3573 1109 3614 a
1130 3557 1262 3617 satelliti·

111 3660 166 3719 bus
186 3662 348 3721 antichristi
375 3668 565 3733 persecutns,
597 3666 627 3719 et
653 3660 769 3719 tandem
795 3660 935 3734 singulari
956 3659 1011 3719 Dei
1040 3659 1182 3720 beneficio
1208 3677 1262 3735 per

112 3765 238 3824 carceris
260 3766 441 3839 eruptionem
462 3763 600 3823 divinitus
620 3764 721 3823 erasit.
749 3765 777 3822 Is
798 3765 926 3839 quamvis
946 3780 1040 3840 neque
1060 3764 1194 3823 bannitus
1214 3764 1261 3835 sit,

113 3884 207 3944 neque
227 3871 291 3942 ejus
311 3869 387 3928 bona
414 3869 490 3945 (quae
516 3878 611 3928 tamen
638 3869 667 3927 in
693 3868 823 3939 periculo
848 3868 1012 3944 versantur)
1039 3867 1109 3927 fisco
1135 3883 1261 3942 unquam

54 3994 57 4000 ·
111 3973 208 4032 dicata
228 3971 355 4041 luerunt,
376 3974 427 4031 sed
447 3966 624 4033 s'clnmmodo
644 3989 698 4047 per
716 3973 875 4032 absentiam
890 3972 1084 4050 (papistarum
1092 3969 1184 4045 more)
1196 3987 1260 4029 cum

678 4078 694 4111 *

111 4153 158 4208 ein
178 4151 326 4223 giinstiges
345 4151 448 4208 urtheil
468 4153 648 4224 abgegebcn,
676 4153 745 4210 aber
768 4152 813 4208 die
841 4151 949 4208 sbreiee
968 4151 1089 4223 Vergera
1108 4150 1164 4205 und
1183 4150 1260 4207 aeine

111 4239 304 4295 nunehmende
322 4239 535 4295 krinllichlrcit
553 4239 752 4295 verbinderton
771 4239 845 4295 wohl
863 4240 918 4293 den
936 4238 1034 4293 druck.

185 4325 247 4382 IS.
268 4344 293 4381 n.
314 4327 372 4381 184.
409 4327 464 4381 Dae
483 4326 550 4395 geld
567 4345 589 4382 a.
608 4344 636 4382 n.
655 4328 715 4383 208.
776 4394 779 4399 ν
