2768 4740
701 256 759 316 198
1068 286 1073 297 1
1238 246 1304 301 ¹5⁶⁹

157 429 247 488 libros
268 427 397 502 quotidie
419 427 536 485 damnat
558 432 585 483 et
608 441 778 498 quacunque
799 424 912 481 ratione
934 428 1044 496 potest,
1071 428 1168 489 caret,
1198 437 1235 479 ne
1255 420 1303 479 ulli

158 533 224 594 libri
247 539 348 591 corrue
369 547 449 589 suam
470 531 630 589 doctrinam
651 530 681 587 in
702 529 814 587 ltaliam
834 526 1005 586 inferantur.

239 636 354 694 Domini
376 635 478 693 Veneti
499 634 643 693 adornant
664 635 783 692 classem
805 634 991 698 maritimam,
1013 631 1089 706 qood
1115 637 1161 690 est
1181 631 1303 688 certissi-

157 757 233 798 mum
255 741 376 813 signum,
400 739 477 812 qnod
497 742 597 809 sciant,
619 739 740 797 'lorcam
761 754 878 811 magnos
901 742 1057 810 apparatus
1077 734 1183 794 lacere.

709 1053 754 1106 75.

456 1197 584 1283 Herzog
608 1197 782 1280 Chrieioph
810 1219 851 1260 an
877 1195 1008 1280 Verger.

529 1336 690 1408 Ntlrtingen
713 1339 729 1391 7
752 1337 832 1393 nlorz
857 1337 940 1392 1559.

232 1463 361 1517 ricimeri
380 1463 431 1517 aul
446 1481 472 1517 n.
493 1467 534 1518 74.

240 1576 465 1650 Christoplrorus
487 1581 541 1638 Dei
567 1581 662 1652 gratia
684 1582 748 1639 ltux
770 1581 1055 1654 lllirttempergonsis
1082 1586 1112 1638 et
1133 1580 1226 1638 'l'lrelri
1253 1587 1306 1639 etc.

240 1681 410 1740 Reverendo
433 1690 461 1739 ot
484 1685 564 1743 trobis
586 1686 706 1744 dilecte!
848 1672 851 1677 ⁵

239 1788 408 1860 Accepimus
428 1788 542 1845 litteras
565 1794 637 1855 tuae,
659 1789 687 1843 in
709 1787 810 1859 quibus
833 1785 971 1859 imprimis
987 1785 1040 1842 tibi
1062 1785 1209 1857 provideri
1230 1787 1307 1858 copis

161 1906 276 1963 agrum,
305 1893 350 1948 cui
381 1907 432 1962 pro
454 1889 617 1968 reipublice.
639 1892 800 1961 commodo,
829 1908 892 1963 qum
912 1890 1001 1947 habes
1022 1889 1145 1959 semina,
1173 1886 1309 1946 mandare

163 1995 264 2067 possis.
306 1996 474 2052 curarimus
503 1995 590 2066 igitur
616 2010 667 2065 per
688 1994 739 2051 lias
765 1995 877 2052 litteras
904 1995 961 2050 tuis
988 1992 1127 2061 inclusas,
1158 1999 1190 2050 nt
1215 1997 1309 2050 certus

163 2096 276 2170 quidam
313 2100 391 2156 locus
426 2098 595 2172 plantationi
630 2098 797 2157 accomodus
828 2097 864 2156 ab
901 2096 1095 2156 ecclesiastico
1130 2102 1231 2155 nostro
1259 2096 1308 2153 ad-

162 2201 357 2260 ministratore
379 2203 431 2260 tibi
460 2204 692 2273 dernonstretnr,
724 2203 759 2261 ad
788 2219 872 2276 quem
899 2203 989 2261 dictas
1014 2201 1125 2259 litteras
1147 2217 1231 2274 apuam
1252 2201 1309 2272 pri·

161 2323 236 2364 mum
257 2309 374 2365 mittero
395 2309 512 2379 potoris.

240 2411 361 2469 Litterae
382 2430 399 2468 a
419 2411 578 2470 Pllronsoro
606 2412 687 2469 trebia
716 2414 859 2483 inscriptae
889 2411 925 2468 ad
948 2428 1000 2468 nos
1023 2416 1132 2467 trintum
1153 2410 1310 2482 pertinent,

163 2514 250 2573 nnllae
271 2532 350 2585 rere,
372 2533 435 2588 qnae
456 2516 492 2573 acl
514 2523 543 2574 to
565 2522 704 2589 spectant,
728 2515 771 2573 liis
793 2517 837 2572 rel
860 2516 1007 2585 adiunctae
1029 2515 1075 2570 rel
1095 2515 1214 2571 inclusae
1234 2520 1310 2571 sunt,

240 2618 356 2677 Utinam
377 2637 463 2694 prorrn
486 2619 561 2692 qnod
584 2619 620 2676 de
636 2620 736 2690 regina
752 2618 863 2688 Angliae
885 2617 921 2674 ad
943 2634 994 2673 nos
1016 2616 1125 2685 scribis,
1148 2634 1203 2674 non
1225 2616 1311 2673 aliter

99 2770 104 2781 .
162 2737 191 2777 sc
214 2719 343 2792 haberet,
365 2739 399 2780 cc
420 2740 480 2794 prae
495 2722 601 2778 ceteris
613 2720 744 2778 onnribus
759 2721 857 2790 solani,
880 2736 963 2792 quam
980 2727 1089 2786 vocant.
1112 2724 1309 2791 Arrgustanam

163 2823 388 2895 confessionem,
421 2827 448 2882 in
477 2841 529 2883 ano
555 2840 643 2896 regno
670 2823 825 2897 propagari
847 2827 976 2881 curaret!
1019 2823 1076 2881 Sed
1102 2823 1311 2894 exspectandus

163 2933 207 2983 est
230 2945 327 2999 nepos.
884 3001 886 3005 Ι
1208 2934 1212 2940 ’

208 3020 212 3025 ’
244 3032 326 3102 Quod
349 3033 384 3089 od
407 3035 614 3104 typographum
639 3034 778 3104 ,lugnano
801 3031 829 3088 in
852 3048 994 3090 carcerom
1018 3034 1177 3104 corrjectnnr
1199 3036 1312 3102 attinet,

163 3136 296 3193 :rodimus
318 3146 435 3210 propter
456 3156 574 3197 excursos
596 3138 733 3211 ‹prrosdam
755 3137 869 3195 libellos
890 3137 1121 3209 arrralraptisticos,
1144 3137 1312 3195 Selmena-k-

164 3235 304 3295 feldianos
331 3245 416 3310 atquc
448 3240 638 3314 eringlianos
667 3258 729 3297 curn
756 3257 807 3297 suo
837 3241 947 3312 collega
973 3241 1001 3298 in
1032 3241 1154 3299 vinculis'
1178 3241 1311 3307 ‹tt-tinen,

163 3348 293 3399 aratorem
317 3361 383 3400 roro
408 3343 496 3402 libelli
519 3345 729 3419 :ttraboptistarn
751 3345 919 3417 arriiugisse3
949 3347 1024 3418 qtttttl
1052 3345 1088 3403 ad
1118 3364 1169 3403 rros
1191 3352 1310 3416 spectat,

164 3444 246 3504 rutubis
267 3463 330 3504 curn
353 3465 387 3505 co
410 3449 565 3521 quidquam
588 3451 696 3521 negotii
719 3459 776 3519 ost,
804 3459 854 3508 ant
883 3458 983 3508 contra
1011 3467 1061 3508 nos
1082 3450 1117 3506 ab
1140 3466 1174 3506 oo
1196 3449 1309 3522 aliquod

164 3549 299 3607 delictum
324 3555 478 3622 nesciinus,v
509 3563 537 3610 nt
562 3558 716 3615 verisimile
739 3559 822 3628 plano
845 3559 894 3629 sit,
925 3576 974 3615 eos
996 3559 1043 3630 riui
1065 3575 1116 3614 suar
1138 3559 1253 3613 nomino
1275 3557 1309 3614 ad

164 3662 193 3711 te
215 3656 365 3726 ejusmodi,
388 3675 451 3729 qnae
473 3661 581 3727 sor-illia,
604 3661 788 3727 detulerunt,
818 3679 877 3720 sorr
904 3669 989 3720 sectae
1018 3678 1132 3733 quoquo
1154 3668 1312 3718 assertores

163 3765 193 3816 ot
214 3759 337 3818 asseclas
359 3779 429 3819 assur.

243 3862 374 3935 Derriqnn
395 3866 567 3924 cardinalem
590 3868 749 3938 llellaium,
772 3869 806 3926 de
830 3886 885 3942 qno
908 3876 1053 3941 postremo
1076 3870 1250 3926 irrentionom
1271 3866 1310 3924 f-

162 3967 216 4036 cia,
244 3969 384 4024 hominnm
407 3984 522 4039 proram
544 3973 626 4028 ἄθεον.
649 3972 780 4044 impium,
803 3974 1013 4031 inconstantem
1036 3981 1123 4045 atque
1147 3972 1311 4031 mendacem

162 4074 350 4143 agnoscinrna
374 4091 391 4128 a
412 4091 468 4145 quo
489 4076 593 4132 merito
615 4093 713 4134 omncs
735 4076 800 4135 boni
825 4088 853 4136 et
875 4081 912 4149 pii
936 4079 988 4137 sibi
1010 4094 1192 4151 summopere
1209 4093 1311 4137 cavere

165 4175 298 4246 debeant,
321 4175 381 4235 haec
402 4179 530 4236 lncriter
550 4180 657 4239 litteris
677 4182 735 4239 tuis
757 4182 931 4254 respondere
955 4183 1108 4252 voluimns3
1126 4183 1199 4241 rale.
1231 4183 1312 4241 Datae

163 4278 315 4355 Nitrtingae
339 4282 355 4335 7
376 4282 475 4340 Martii
496 4300 571 4343 anno
595 4285 679 4344 1559.
