2768 4740
115 258 182 317 ¹5⁶⁴
657 268 719 327 ltu

113 435 235 501 litteras,
257 441 307 493 aot
329 433 435 494 fantum
456 449 570 507 quoquo
592 436 676 495 modo
696 435 908 506 intellexerint,
931 434 1079 508 suspicari,
1100 450 1193 493 meum
1215 447 1263 491 ne·

112 549 211 614 potem
233 541 379 599 dimissum
402 555 464 599 esse
487 546 605 614 propter·
627 557 742 599 enorme
764 540 880 615 aliquod
903 540 1040 613 flagitium
1058 545 1146 613 atque
1161 538 1263 605 sosius,

111 663 175 703 oum
192 663 244 718 per
259 646 484 718 quinquennium
499 645 563 715 ejus
578 643 749 703 Celsitndini
761 644 944 702 inserrirerit
955 651 985 702 et
994 643 1141 703 inauditus
1160 642 1264 701 absens

112 748 202 808 luerit
224 766 241 806 a
261 749 406 819 legatione
429 757 574 819 romolus,
605 751 727 818 inscius,
757 749 842 806 robus
863 751 920 806 suis
941 747 1072 807 omnibus
1093 746 1198 805 ibidem
1220 745 1262 803 iu·

115 854 279 927 compositis
299 853 409 911 relictis
430 868 492 909 cnm
515 853 616 924 majori
638 850 781 909 mobilium
803 867 918 908 suornm
939 854 1030 922 porte,
1052 853 1261 921 operetautnrn

113 965 143 1015 el
165 957 316 1031 diligentia
337 955 428 1025 istius,
450 971 534 1029 quern
556 971 632 1026 stepo
649 954 725 1024 dico,
748 953 891 1012 Srolirhii.

191 1059 255 1118 Jam
283 1060 479 1118 illustrissime
507 1059 644 1130 Princeps
675 1075 710 1116 en
739 1057 932 1128 norrlirlontiu,
965 1075 1021 1131 qun
1051 1051 1206 1116 servitores
1234 1056 1260 1113 in

111 1164 228 1223 Christo
248 1166 339 1223 solent
363 1180 441 1240 tique
462 1165 531 1222 milri
546 1181 624 1237 spem
642 1163 702 1238 dat)
725 1170 894 1222 reverenter
915 1169 991 1237 pete,
1013 1177 1068 1221 non
1090 1161 1208 1231 scilieet,
1231 1169 1261 1218 ut

111 1270 309 1328 illustrissima
336 1269 484 1327 Celsitndn
510 1269 615 1327 Vestro
641 1270 785 1341 quippiam
807 1267 915 1326 scribet
935 1274 965 1326 ut
991 1272 1126 1337 conetur,
1155 1266 1260 1326 dietum

110 1391 205 1431 meum
226 1381 359 1446 nepotem
382 1391 522 1445 reponere
544 1375 573 1431 in
594 1391 646 1432 sno
667 1371 761 1432 officio
782 1382 812 1432 et
833 1377 860 1432 in
883 1373 1000 1432 seruitio
1022 1373 1099 1446 (uem
1114 1372 1176 1445 ipse
1193 1375 1260 1429 onte.

113 1476 176 1535 lere
198 1495 302 1535 annum
323 1497 340 1535 ιι
362 1496 405 1536 me
427 1476 519 1551 petiit,
541 1485 573 1535 ut
595 1479 673 1536 illurn
696 1495 855 1549 uvocurem,
878 1478 1037 1551 praesertim
1059 1476 1261 1534 cunranimnd·

112 1589 295 1654 verterenet
312 1581 521 1656 postSenliehii
537 1581 689 1640 adventum
705 1582 823 1656 negligi)
841 1598 896 1639 non
917 1581 970 1639 boo
991 1580 1109 1654 petitur,
1130 1580 1259 1653 inquem;

112 1686 203 1744 tinniet
229 1704 264 1744 ea
291 1687 327 1744 de
354 1703 385 1743 re
410 1685 620 1744 illustrissimus
643 1686 765 1745 Prussiae
794 1685 851 1743 dux
872 1685 1049 1742 voluntatem
1074 1701 1163 1743 soom.
1204 1683 1260 1742 Sed

114 1797 192 1862 peto,
221 1799 252 1849 ut
279 1792 413 1863 dignetur
434 1790 581 1849 Celsitudo
603 1791 707 1850 Vestro
728 1790 841 1848 litteras
871 1789 997 1850 seribere
1015 1789 1051 1864 (si
1072 1789 1167 1864 plnoet
1187 1795 1217 1848 et
1237 1789 1260 1846 si

112 1896 262 1969 dignetur)
284 1896 387 1970 quibus
407 1895 549 1969 significet
569 1895 739 1968 praedietum
758 1894 933 1953 lodovinum
948 1894 1092 1953 conscium
1106 1910 1165 1952 suso
1178 1893 1260 1953 irruo·

113 2000 231 2070 oentiae,
254 2007 284 2059 et
304 2018 335 2057 so
357 2001 472 2058 omnino
493 1998 696 2072 inculpabilem
718 2016 782 2057 esse
804 2005 834 2056 et
856 1997 1002 2069 indignum
1023 1999 1076 2057 tali
1097 1997 1260 2056 dimissione

110 2110 223 2162 tanturn
244 2105 356 2162 itineris
381 2105 560 2176 suscepisse,
594 2111 626 2162 ut
654 2100 833 2175 patefaceret
860 2120 939 2161 suem
966 2102 1177 2169 innocentium,
1209 2101 1262 2161 hoo

110 2214 221 2267 tanturn
244 2218 328 2281 peto,
357 2217 386 2266 et
407 2217 438 2268 ut
459 2210 500 2266 iili
522 2210 627 2268 litteren
650 2208 762 2276 dentur,
792 2227 855 2282 quse
880 2208 963 2266 bonis
990 2206 1178 2267 servitoribus
1199 2206 1261 2265 dari

111 2322 336 2380 consueverunt,
367 2320 398 2370 ut
419 2315 508 2385 possit
528 2313 604 2385 opud
626 2314 697 2370 alios
719 2314 864 2386 principes
886 2313 978 2371 looum
998 2311 1148 2382 invenire,
1179 2312 1203 2369 si
1225 2309 1261 2369 de

112 2419 190 2477 nullo
212 2425 329 2492 peceato
351 2419 522 2476 eonstiterit.

191 2523 274 2593 Puto,
296 2541 340 2580 me
361 2529 462 2594 petere
489 2539 549 2581 rem
568 2523 807 2594 justiseinram'et
827 2522 958 2580 omnibus
978 2521 1051 2581 meis
1070 2518 1171 2579 officiis
1192 2535 1261 2591 erga

111 2628 323 2686 celsitudinem
335 2627 467 2686 Vestram
482 2627 707 2685 illustrissimum
729 2624 962 2698 promovendam.
993 2625 1111 2684 Interes
1132 2639 1179 2682 res
1198 2623 1261 2695 ipsu

111 2731 288 2798 declarabit,
320 2731 462 2804 quomodo
490 2749 521 2789 se
548 2731 671 2804 gesserit
697 2730 872 2801 Scaliohius‚
903 2745 987 2803 spero
1015 2727 1090 2787 eninr
1117 2727 1197 2787 loro.
1228 2733 1261 2783 ut

111 2842 300 2908 cognoscetur·
323 2851 373 2907 pro
395 2835 522 2893 evidenti
543 2834 708 2906 impostore,
731 2838 761 2891 et
782 2849 862 2892 rueus
884 2848 972 2904 nepos
992 2837 1093 2890 eontra
1113 2846 1164 2901 pro
1186 2830 1260 2887 bono

112 2942 181 2999 siro.
209 2940 413 2997 illustrissimae
434 2938 606 2997 celsitudini
623 2939 736 2996 Vestrse
757 2938 902 3010 negotium
924 2938 977 2995 hoc
998 2942 1165 2994 reverenter
1186 2951 1260 2992 eorn-

112 3045 223 3114 rnendo,
247 3049 327 3101 tanto
347 3045 436 3117 magis
458 3042 532 3116 quod
555 3043 661 3100 litterae
678 3043 766 3118 ipsius
781 3039 913 3100 Souliebii
929 3057 1013 3098 mono
1028 3039 1064 3097 ed
1079 3055 1123 3096 me
1135 3045 1260 3096 exurere

110 3148 193 3206 t'uere
216 3149 343 3218 ejusdem
365 3147 550 3205 illustrissimi
573 3148 711 3219 principis
733 3147 855 3217 nornine,
879 3146 954 3218 quod
977 3162 1011 3203 ex
1027 3143 1182 3202 caracteris
1203 3141 1260 3201 col·

111 3253 220 3310 lotione
243 3251 458 3310 evidentissime
479 3261 608 3325 apparet.

1016 3380 1180 3454 Vergerius.

184 3533 244 3585 Von
265 3533 314 3585 des
333 3532 448 3601 hernogs
467 3531 558 3585 hand:

184 3621 259 3675 Note
279 3620 307 3672 iu
328 3620 376 3673 des
395 3620 534 3688 herzogen
555 3638 586 3672 zu
608 3620 741 3674 Brenseen
769 3618 913 3673 soltreibeo
941 3636 972 3670 zu
999 3602 1174 3680 vermelden,
1204 3615 1259 3672 die·

111 3707 185 3762 weiii
209 3706 366 3760 [rudovicus
386 3705 534 3776 Vergeriun
554 3704 745 3758 widerumbeu
765 3702 861 3758 hiuein
873 3722 905 3756 zu
919 3702 1019 3758 reitteu
1040 3702 1092 3756 mir
1110 3703 1261 3776 nngezeigt

111 3795 167 3848 und
190 3795 294 3863 durbey
310 3794 451 3861 gebetten,
473 3810 515 3846 wu
535 3810 565 3846 er
583 3791 612 3846 in
632 3791 755 3847 sinicher
772 3791 905 3860 ungnade
922 3807 1000 3853 were,
1020 3788 1067 3845 ine
1079 3809 1111 3844 zu
1126 3788 1261 3861 guediger

111 3883 378 3950 vernuntwurtlnng
391 3881 511 3934 khomen
528 3899 560 3933 zu
571 3880 659 3934 iassen
671 3879 807 3934 nudsoer
820 3880 846 3933 S.
863 3879 891 3932 is.
911 3878 952 3932 nit
972 3879 1095 3934 weilters
1113 3897 1146 3933 zu
1165 3877 1261 3934 diener

110 3985 263 4038 sugemem,
294 3969 348 4021 ime
367 3968 413 4021 ain
432 3968 588 4038 genedigen
610 3966 813 4022 nebridi-lichen
833 3966 964 4022 abechidt
981 3984 1014 4019 nu
1033 3965 1140 4036 geben,
1170 3963 1261 4020 damit

111 4073 141 4108 er
161 4055 227 4109 inne
246 4056 296 4110 der
314 4055 403 4108 endon
424 4055 452 4108 in
466 4058 530 4125 gott
542 4056 676 4111 beleitten
691 4055 786 4110 narde
804 4054 979 4125 nullenlegen
998 4054 1057 4116 hat,
1076 4051 1195 4108 dieweill
1216 4053 1260 4109 ieir

111 4141 179 4196 inne
191 4142 246 4196 dan
260 4161 292 4194 zu
303 4143 328 4193 S.
340 4143 369 4196 L.
380 4142 450 4196 euch
462 4141 569 4213 guedig
582 4141 751 4212 geluerdert,
772 4142 829 4196 und
849 4142 893 4194 nit
911 4158 981 4212 geru
1000 4139 1072 4202 seire,
1092 4157 1136 4194 wa
1155 4155 1185 4193 er
1202 4138 1260 4195 siob

110 4228 155 4282 nit
174 4228 247 4283 nnoh
267 4229 352 4284 deren
372 4229 496 4298 gefellen
516 4229 651 4299 gehaiben
671 4229 729 4282 und
754 4229 812 4284 dan
840 4227 974 4297 brenehig
999 4227 1053 4281 den
1078 4226 1193 4281 dienern
1213 4225 1260 4281 sb·

111 4315 203 4370 sohirlt
224 4334 257 4368 zu
277 4316 383 4384 geben,
411 4314 488 4370 hetto
507 4314 553 4370 ioh
568 4315 612 4370 nit
625 4314 784 4384 umbgehen
798 4315 938 4379 khindeu,
958 4312 1133 4385 obgemelter
1151 4328 1259 4369 mersen
