2768 4740
621 292 682 352 366

628 539 691 594 130.

378 656 502 740 Verger
525 678 566 720 au
592 656 713 741 herzog
736 657 923 745 Christoph.

433 785 570 845 Wildbad
594 789 629 844 10
651 789 765 860 August
788 793 871 848 1562.

151 895 296 952 Berichtet
316 897 383 952 iiber
401 897 478 952 scine
497 897 623 953 nodetur
648 900 704 953 rrnd
729 903 792 954 eine
819 903 1033 969 unangenehme
1051 903 1229 964 lrlatseherei,

80 995 108 1048 in
129 994 174 1050 die
193 1011 223 1049 er
242 993 478 1063 hineingerathen
495 995 544 1049 sei.

159 1092 354 1152 illustrissime
377 1093 514 1167 Princeps
534 1104 565 1152 et
588 1097 707 1154 Domine
729 1098 851 1156 Domine
873 1098 1119 1156 clementissime!

157 1196 212 1253 Fui
234 1197 262 1253 in
280 1196 362 1269 aquis
383 1198 591 1270 qninquaginta
611 1198 699 1270 horis,
721 1203 914 1274 perseverabo
934 1200 973 1276 (si
989 1204 1068 1261 Deus
1089 1204 1226 1277 voluerit)

81 1300 174 1357 adhue
197 1300 397 1373 septuaginta,
430 1309 463 1359 ut
489 1303 527 1360 sit
546 1303 632 1374 plena
660 1303 780 1377 lemtim
814 1307 910 1374 credo,
935 1315 1097 1380 postremas
1117 1306 1229 1365 suturas

79 1403 150 1485 mibi
171 1402 222 1461 bas
244 1405 385 1468 thermas.
407 1422 478 1478 quas
499 1407 632 1477 tentabo,
662 1407 749 1468 iaciat
769 1418 871 1483 postea
893 1412 1032 1472 Dominus
1052 1413 1229 1470 voluntatem

82 1527 172 1579 suam,
194 1510 284 1584 ipsius
304 1528 402 1569 snmus
423 1513 482 1570 sive
504 1513 598 1571 claudi
619 1521 649 1572 et
671 1515 827 1586 debilitati,
854 1519 914 1576 sive
936 1517 1067 1586 vivimus,
1090 1519 1149 1575 sive
1169 1532 1229 1573 ruo·

81 1615 178 1673 rimnr.
212 1614 268 1673 Ubi
289 1633 333 1672 me
351 1617 416 1675 bine
430 1617 590 1690 absolvero,
612 1618 688 1693 qnod
709 1623 785 1678 eirca
805 1619 890 1679 linem
911 1621 997 1693 huius
1019 1622 1123 1678 mensis
1144 1634 1229 1694 spero

82 1717 227 1790 futurum,
259 1721 294 1778 ad
322 1721 455 1780 Vestram
487 1723 709 1781 illustrissimam
741 1723 948 1782 celsitudinem
979 1725 1130 1788 accedam:
1163 1731 1230 1782 sulit.

82 1825 159 1881 enim
180 1823 248 1881 mibi
272 1826 428 1895 negotiola.
469 1827 586 1885 interea
608 1826 700 1886 babeo
721 1828 840 1900 aliquid,
862 1828 938 1901 quod
960 1845 1003 1885 me
1026 1836 1151 1902 torquet.

160 1929 245 1987 Venit
267 1928 322 1987 bue
341 1930 377 1987 ad
399 1948 444 1988 me
472 1948 507 1988 ex
529 1932 614 1990 ltalia
640 1939 708 1990 aute
738 1933 884 1991 octiduum
913 1932 1029 2004 quidem
1057 1934 1149 1989 bonus
1176 1933 1228 1995 vir,

80 2032 231 2105 imperitus
252 2050 361 2103 rerum,
383 2036 431 2120 qui
453 2035 620 2109 nuntiabat,
649 2035 750 2095 famam
773 2038 887 2096 esseio
909 2035 1008 2105 Italia,
1032 2036 1139 2108 Papam
1160 2051 1224 2092 esse

78 2138 108 2193 iu
131 2137 254 2210 quodam
276 2138 395 2202 delirio,
425 2140 493 2210 quin
515 2139 591 2212 quod
614 2138 690 2196 idem
712 2139 860 2198 diceretur
880 2139 916 2196 de
938 2137 1052 2195 Caesare
1073 2137 1121 2213 (an
1143 2137 1228 2195 intel·

79 2242 186 2312 ligeret
206 2243 405 2315 spiritualiter,
426 2244 553 2320 nescio),
583 2244 658 2317 quod
681 2251 799 2315 urgeret
819 2241 1040 2300 edificationem
1063 2241 1228 2299 monasterii

77 2346 264 2416 Jesuitarum,
285 2363 348 2405 cum
371 2345 474 2421 quibus
489 2336 582 2405 *vellet
603 2362 634 2402 se
656 2345 804 2405 includere
826 2345 943 2402 dimisso
959 2343 1104 2401 liohemiae
1125 2348 1156 2402 et
1170 2341 1230 2400 Uu-

77 2450 168 2520 garive
188 2467 286 2522 regno.
328 2451 375 2508 Sic
402 2451 452 2508 ille
480 2451 610 2524 ineptus,
641 2450 842 2523 addebatque,
873 2465 928 2506 riou
950 2464 1012 2505 esse
1028 2445 1229 2504 metuendum.

79 2554 157 2626 quod
183 2555 263 2626 Papa
294 2563 324 2613 et
352 2554 450 2612 Caesar·
474 2561 572 2612 essent
603 2551 705 2611 iactari
736 2552 843 2611 bellum
869 2551 1039 2610 Germaniae.
1081 2548 1228 2620 Quispiam

77 2660 187 2717 amicus
208 2675 296 2729 meus,
318 2662 441 2718 servitor
456 2660 660 2717 illustrissima
675 2656 862 2715 Oelsitmlinis
873 2655 985 2713 Vestra
1000 2652 1150 2726 petebata
1169 2668 1224 2719 me,

77 2758 147 2832 quid
169 2760 235 2817 novi
255 2760 403 2819 attulisset
423 2776 458 2816 ex
479 2761 564 2818 ltalia
584 2759 689 2832 hospes
717 2776 814 2829 mens;
844 2758 996 2816 subridens
1021 2757 1063 2815 illi
1092 2756 1160 2827 uni,
1193 2764 1224 2812 et

77 2864 194 2936 quidem
216 2866 244 2921 in
265 2881 379 2936 aurem,
403 2865 547 2938 respondi,
569 2881 633 2936 quae
655 2865 787 2938 superins
808 2863 937 2934 recitavi,
957 2861 1066 2920 addens
1088 2877 1150 2918 esse
1172 2877 1223 2917 nu·

78 2983 141 3039 gas.
181 2968 241 3026 Iste
263 2968 354 3026 bonus
374 2970 418 3026 vir
439 2970 536 3028 statim
557 2971 680 3028 accurrit
702 2970 738 3026 ad
760 2969 901 3026 illustrem
924 2967 1068 3024 dominum
1090 2964 1224 3023 comitem

77 3071 115 3129 ab
136 3070 325 3144 Helfcstaim,
347 3076 395 3146 qui
416 3075 462 3130 bic
482 3074 560 3132 lavat
582 3074 682 3148 (credo
704 3073 730 3128 d.
753 3072 909 3143 Georgium
932 3069 1076 3144 nomine),
1102 3075 1132 3126 et
1152 3083 1227 3125 nova

78 3178 129 3235 illa
149 3178 248 3252 inepta
268 3179 322 3237 soii
343 3181 453 3238 retulit.
496 3179 591 3250 Quare
620 3196 673 3236 sna
699 3177 824 3251 dignitas
852 3175 987 3233 exarduit
1012 3173 1172 3231 mirandum
1193 3174 1222 3230 iu

77 3282 193 3340 modum
223 3290 252 3341 et
280 3283 351 3342 dixit
382 3283 482 3343 decem
503 3289 554 3340 aut
574 3282 626 3339 XV
648 3281 843 3346 audientibus,
873 3296 905 3336 se
926 3278 1002 3335 velle
1024 3276 1059 3332 de
1081 3291 1117 3334 ea
1137 3292 1169 3333 re
1189 3275 1227 3333 ad

77 3384 242 3443 Cesaream
262 3386 448 3459 Maiestatem
475 3386 601 3444 seribere
623 3392 653 3442 et
673 3386 711 3443 ad
731 3386 864 3443 Vestram
886 3381 1114 3439 illustrissimam
1135 3380 1226 3438 Celsi-

78 3486 218 3544 tudinem.
250 3487 307 3546 Sed
328 3487 398 3560 quid
420 3488 535 3561 peceavi
557 3487 771 3547 miserhomo?
803 3486 874 3545 Rem
895 3486 945 3544 uni
966 3486 1100 3544 servitori
1123 3483 1226 3542 Vestro

79 3590 125 3664 (ut
145 3591 218 3667 dixi)
240 3593 464 3659 communicavi,
496 3594 532 3652 ab
559 3594 617 3652 aiio
644 3593 790 3663 auditam,
822 3608 917 3666 neque
946 3589 1057 3650 aifirmo
1078 3607 1129 3662 pru
1151 3606 1228 3647 vera.

78 3695 142 3753 Hoc
163 3713 256 3755 meum
279 3705 323 3755 est
343 3704 509 3769 peceatum,
539 3705 610 3771 pnto
638 3697 706 3757 mibi
735 3697 869 3785 imputari
892 3703 1012 3771 propter
1033 3696 1228 3753 diversitatem

78 3799 246 3872 religionis,
278 3819 343 3860 uum
364 3811 395 3861 et
415 3808 571 3874 antequam
591 3802 648 3859 ista
668 3801 871 3873 contigissent,
893 3806 975 3856 torre
996 3814 1040 3855 me
1062 3795 1227 3869 aspiciebat.

78 3901 147 3961 Fiat
168 3904 299 3962 voluntas
320 3905 445 3975 Domini,
466 3903 514 3961 ille
535 3903 604 3960 mibi
624 3906 755 3973 ignoscat
776 3910 805 3960 et
819 3901 968 3961 celsitudo
985 3902 1096 3970 Vestra,
1118 3900 1142 3957 si
1163 3915 1227 3972 pee-

79 4008 142 4066 cavi
163 4025 280 4080 revera;
308 4015 425 4083 oportet
446 4011 506 4082 pati
527 4008 713 4067 christianum
742 4009 899 4078 bominem,
928 4023 983 4082 ego
1011 4007 1058 4062 nni
1081 4005 1230 4062 dumtaxat

79 4113 229 4187 dixeram,
260 4121 292 4172 at
310 4115 431 4173 illustris
458 4114 590 4172 domiuus
616 4131 712 4172 eomes
740 4115 885 4186 evulgavit
914 4113 976 4184 ipse
1008 4112 1084 4168 inter
1113 4108 1228 4166 multos.

79 4216 256 4278 Commendo
276 4236 321 4278 me
342 4226 520 4278 reverenter.
552 4219 641 4279 Pater
661 4220 788 4278 eoelestis
808 4226 914 4291 augeat
935 4215 1095 4275 Serenitati
1118 4213 1229 4273 Vestra

79 4338 146 4380 sues
167 4323 281 4382 divinos
301 4323 463 4393 thesauros,
484 4324 616 4398 spiritum
636 4330 668 4382 et
687 4321 773 4381 fidem
787 4338 839 4393 per
860 4321 960 4381 Jcsum
970 4319 1134 4379 varistum.

957 4423 992 4480 28
1004 4427 1017 4458 a
