2768 4740
115 276 185 331 1112
658 287 718 348 359

112 456 228 513 interes
248 455 379 514 abstineo
401 463 431 514 et
451 456 562 525 faciam,
585 472 648 528 qnae
670 454 775 514 Vestra
796 456 994 518 illustrissima
1016 459 1164 518 celsitudo
1185 476 1264 519 man·

115 559 238 631 daverit,
260 561 320 618 lraec
341 561 459 633 iuquam
480 561 590 633 scripsi.
624 561 720 632 Quare
741 560 764 618 si
787 561 916 620 fortassis
938 563 1043 621 litterae
1065 580 1121 622 non
1144 561 1264 622 inissent

114 662 246 732 redditas,
269 664 475 736 comprehendi
496 665 525 722 in
548 662 593 722 lais
614 678 709 721 rerum
731 680 879 723 summam.

195 767 261 824 vidi
282 769 411 842 quisnam
438 770 592 826 sessionem
623 767 657 824 de
690 769 888 826 communione
917 769 969 828 sub
997 777 1119 843 utraque
1146 771 1263 844 specim

115 887 172 929 nou
195 879 347 942 putassem,
375 871 441 930 illos
461 873 631 930 conciliares
652 879 749 943 patres
770 889 831 930 esse
854 889 944 947 nsque
965 873 1045 932 adeo.
1060 875 1159 944 rnalos,
1180 874 1263 950 (mali

119 977 196 1034 enirn
217 982 293 1043 sunt,
313 994 493 1051 nequaquam
515 977 602 1036 rudes
622 984 708 1050 atquc
734 977 856 1053 indocti)
878 995 1045 1052 quamquam
1069 978 1151 1037 raldo
1174 982 1262 1037 malos

119 1097 181 1138 osse
203 1087 385 1154 perspectum
407 1081 551 1140 haberem.
593 1081 701 1154 Scripsi
723 1082 855 1155 quaedam
883 1099 918 1140 ea
944 1083 979 1139 dc
1011 1100 1041 1140 rc
1069 1083 1181 1150 italice,
1211 1083 1262 1142 sed

117 1200 192 1240 nunc
215 1186 241 1241 in
264 1183 397 1242 Latinum
419 1193 514 1248 rento.
537 1195 568 1243 11
591 1186 694 1243 Vestra
714 1185 909 1244 lllustrissima
932 1185 1080 1258 Celsitndo
1101 1189 1190 1257 possit
1210 1205 1261 1259 gu·

114 1277 199 1347 stare
220 1297 250 1346 et
277 1291 381 1363 reliqui
410 1292 496 1348 otiam
526 1292 563 1365 (si
590 1292 631 1348 ita
656 1291 698 1349 illi
726 1290 893 1363 ridebitur).
935 1290 964 1349 st
986 1292 1163 1363 dignaretur
1194 1291 1262 1350 mihi

114 1392 276 1465 significare
297 1410 349 1466 pro
371 1411 423 1452 sna
445 1395 607 1463 clementie,
628 1413 662 1452 nn
686 1394 805 1452 hussel
827 1396 854 1450 in
876 1395 1036 1468 proximum
1058 1394 1264 1455 monasterium

115 1496 283 1570 propediem
296 1506 427 1558 ,ventura
448 1506 533 1564 esset,
557 1515 610 1570 ego
632 1516 695 1557 eam
716 1500 762 1557 hio
782 1506 993 1570 exspectarem,
1016 1501 1059 1556 sin
1081 1500 1190 1571 miuus,
1213 1500 1262 1559 da-

117 1617 176 1658 rem
199 1618 325 1676 operam,
349 1609 381 1661 11
400 1620 444 1661 mo
466 1620 578 1674 possem
593 1602 788 1676 Stntgerdism
810 1604 968 1676 proripere.
1002 1602 1144 1675 Exspecto
1165 1605 1263 1677 itoqas

116 1722 151 1763 ea
172 1706 209 1763 de
232 1722 263 1763 re
285 1707 414 1778 litteras,
441 1709 464 1764 si
486 1708 579 1779 lubet,
608 1725 710 1782 meque
731 1708 935 1766 illustrissimae
957 1707 1129 1766 celsitudini
1151 1709 1262 1767 Vestras

117 1817 287 1868 reverenter
308 1810 485 1869 commendo.
517 1812 575 1870 Oro
595 1818 734 1870 aeternnm
748 1811 875 1874 Patrem.
897 1817 928 1869 ut
949 1811 989 1870 illi
1011 1812 1263 1884 111111111εά1-

116 1913 198 1971 vinos
219 1914 385 1988 thesauros,
408 1914 539 1988 spiritum
560 1923 592 1973 et
612 1915 697 1973 fidem
717 1931 770 1989 per
792 1914 939 1974 Christum
959 1914 1103 1974 dominum
1124 1923 1262 1975 nostrum.

194 2018 334 2091 Tubingae
355 2023 372 2076 5
394 2020 571 2092 Septembris
597 2023 680 2077 1562.

350 2123 552 2182 illustrissimae
574 2123 760 2184 celsitudinis
783 2124 892 2182 Vestrae
912 2124 1036 2183 servitor

1015 2229 1183 2301 Vergorius.

655 2491 721 2548 163.

419 2621 541 2707 Vergsr
564 2584 605 2684 sn
630 2620 748 2706 herzog
772 2620 954 2704 Christoph.

435 2751 584 2822 Tdbiugen
609 2755 643 2808 12
664 2750 835 2822 September
856 2754 941 2809 1562.

184 2873 281 2928 Dunlrl
300 2874 344 2926 lut
361 2872 414 2926 den
433 2871 544 2934 beeuch,
564 2872 618 2927 den
636 2871 766 2926 licentiat
777 2870 923 2941 Eidlinger
945 2871 981 2924 im
1002 2871 1114 2940 autirag
1133 2871 1181 2924 des
1200 2870 1262 2924 her·

110 2987 176 3040 zogs
196 2969 254 3023 ihm
275 2967 407 3037 gemacht
425 2967 506 3023 habe.

192 3067 389 3125 illustrissime
411 3066 547 3139 Princeps
569 3075 598 3125 et
620 3067 740 3124 llomine
762 3067 883 3124 Domine
905 3065 1150 3124 Clenrentissime!

191 3171 353 3230 Clementia
380 3170 434 3231 luit
455 3172 660 3230 illustrissimae
681 3170 868 3230 Celsitndinis
891 3171 1019 3240 Vestrae,
1051 3186 1116 3242 quae
1144 3169 1261 3226 inonda-

110 3284 172 3333 tum
194 3275 310 3334 domino
332 3276 505 3349 Esllngltero
526 3275 699 3334 licentiato¹
720 3275 843 3341 dederit,
867 3282 898 3333 ut
919 3293 963 3332 me
985 3275 1153 3334 conveniret
1173 3279 1203 3330 st
1225 3272 1261 3331 de

113 3379 285 3453 quibusdam
306 3381 435 3439 articulis
455 3386 565 3452 ageret,
586 3379 641 3438 l'uit
661 3383 776 3454 inquom
799 3396 832 3437 ea
854 3396 963 3438 summa
983 3379 1136 3437 clementia
1156 3383 1187 3435 el
1202 3393 1261 3435 mo·

112 3484 239 3555 demtio,
269 3502 323 3556 ago
345 3502 467 3543 summas
488 3487 611 3557 gratias,
640 3501 732 3555 spero,
754 3502 798 3543 me
820 3481 1011 3553 satisl'ecisse;
1042 3483 1112 3541 nihil
1133 3497 1203 3554 ergo
1224 3481 1261 3540 ds

111 3588 170 3647 illis
192 3596 306 3662 repeto.
443 3587 450 3600 ‘
728 3572 732 3580 ’

192 3693 280 3752 Eram
294 3701 433 3752 vetiturus
446 3694 659 3767 Stutgardism3
680 3701 746 3752 sunt
762 3694 836 3752 enim
855 3693 922 3750 milri
943 3691 1102 3765 negotiolm
1124 3692 1175 3748 sed
1196 3709 1260 3749 cum

111 3799 264 3863 audierim,
286 3799 419 3858 Vestram
441 3798 651 3857 celsitudinem
671 3799 841 3870 propediem
862 3798 891 3856 in
912 3797 1043 3872 proximo
1065 3794 1261 3855 monasterio'

110 3880 275 3972 affuturam,
297 3900 365 3958 illuc
386 3901 522 3960 accedam
544 3901 581 3977 (si
604 3901 683 3960 Deus
703 3901 851 3976 voluerit.)
887 3947 889 3952 .

190 4006 258 4066 Sum
280 4006 381 4065 mirum
403 4007 431 4063 in
453 4004 568 4064 modum
589 4012 753 4079 occupatus,
776 4014 806 4065 et
827 4005 892 4081 (per
903 4008 957 4065 Dei
970 4005 1108 4080 gratiam)
1123 4020 1185 4062 ‘non
1207 4004 1261 4062 nisi

685 4139 700 4170 *
788 4140 790 4146 .

182 4240 244 4295 IS.
264 4240 353 4295 1141.

181 4325 429 4383 2Β11111111111.
