2768 4740
116 253 184 309 utut
667 257 708 314 tit

112 429 279 502 plmmqne
299 427 412 500 reipsa
430 422 600 498 grandiores
620 437 684 481 esse
705 423 808 482 solent.
828 421 895 482 Non
915 422 1173 493 enimdubituruns,
1195 424 1264 496 quin

112 530 192 589 brari
212 531 290 588 inter
309 527 453 590 &sonem
473 532 503 585 et
523 525 684 598 Augustum
705 522 836 583 Haurltii
856 523 977 586 fratrem
989 525 1028 598 ¹,‚
1043 529 1263 599 transactiones,

113 651 178 708 quse
196 649 250 707 pro
269 630 382 708 foribus
400 637 482 701 sunt,
511 627 598 688 finem
626 628 770 689 habiture
797 631 855 687 sint
883 645 941 689 non
960 628 1113 689 infelicem.
1153 630 1194 690 Ht
1213 632 1265 690 Al-

112 735 213 797 berti⁸
232 740 309 795 vires
331 738 374 796 sie
397 742 465 794 eunt
492 733 666 800 debilitatae,
694 739 728 792 ut
752 731 824 791 nibil
851 733 1036 807 quidcunque
1056 750 1076 792 a
1094 737 1185 805 ceptis
1204 735 1265 793 suis

113 839 267 899 Herculem
278 837 430 897 deterrere
450 837 550 908 possit.
582 835 666 906 Quod
681 835 806 894 consulis
824 840 932 906 autem,
953 835 983 912 [³
996 837 1094 910 ,licien
1114 837 1263 914 unlesbar]

113 942 360 1017 intelligeremus,
390 939 468 999 idem
488 938 543 998 hoc
562 939 716 999 Herculem
737 939 813 998 serio
834 939 919 999 selle.
953 941 997 999 Ne
1018 941 1087 1013 quid
1108 942 1198 1014 igitur
1217 942 1264 1000 hic

113 1062 166 1120 per
184 1062 237 1105 nos
256 1053 323 1110 stet.
344 1051 377 1103 tu
397 1052 427 1104 te
447 1046 541 1116 ipsum
561 1043 644 1103 nobis
664 1043 781 1104 declara
800 1044 984 1116 luculentius,
1006 1044 1037 1119 [2
1057 1042 1148 1102 llnien
1167 1045 1264 1105 unles-

114 1149 178 1225 bur]
198 1149 238 1209 Et
257 1147 446 1221 gaudebimus
465 1150 643 1207 occasionem
664 1146 747 1205 nobis
767 1148 839 1217 dari,
860 1147 937 1206 unde
958 1154 1121 1220 promptum
1142 1165 1212 1222 erga
1232 1166 1263 1208 se
1308 1221 1316 1232 .

114 1256 241 1314 animum
260 1259 390 1313 nostrum
410 1252 553 1312 Herculea
571 1252 622 1310 ille
643 1257 743 1310 nomer
761 1253 926 1326 perspicere
950 1253 1051 1326 possit.
1093 1253 1149 1312 Sed
1170 1253 1208 1313 de
1228 1253 1264 1312 iis

118 1360 267 1418 hamanus.
308 1356 393 1430 Quod
412 1355 449 1415 ad
470 1371 585 1414 musam
604 1362 684 1414 tuam
703 1357 824 1426 attinet,
852 1356 1011 1428 siquidem
1030 1359 1108 1431 apud
1128 1373 1180 1417 nos
1200 1373 1264 1416 esse

115 1463 209 1537 cupis,
239 1460 334 1520 libere
361 1460 415 1520 tibi
441 1478 459 1520 a
483 1461 566 1519 nobis
591 1458 716 1520 facultas
742 1461 912 1521 conceditur
930 1462 976 1520 vel
996 1461 1158 1535 Tubingam
1177 1465 1264 1523 remi·

115 1567 235 1642 grandi,
267 1567 314 1626 vel
341 1583 511 1640 quocunque
537 1566 665 1625 locorum
691 1567 743 1626 tibi
773 1567 863 1626 visum
889 1564 994 1637 fuerit3
1025 1568 1161 1640 quioquid
1187 1569 1264 1626 enim

116 1673 201 1744 huius
221 1671 259 1729 sd
279 1677 310 1730 te
330 1672 444 1742 scripsit
464 1669 605 1732 Grcterus
617 1671 636 1744 ⁸,
657 1679 757 1730 nostro
777 1673 896 1731 consilio
918 1673 1042 1744 scripsit.
1081 1670 1147 1731 Tibi
1167 1672 1265 1744 igitur,

115 1773 238 1844 inunum,
260 1771 341 1845 optio
362 1771 456 1842 detur,
477 1773 649 1846 ubicumque
669 1773 741 1833 velis
762 1775 840 1832 inter
859 1783 973 1834 nestros
992 1774 1153 1845 habitandi,
1174 1791 1264 1849 quen·

116 1893 197 1951 quam
218 1875 403 1949 arbitremur,
424 1875 583 1949 Tubingom
603 1876 656 1935 tibi
677 1878 935 1938 commodissimam
951 1878 1029 1951 fore,
1057 1887 1119 1937 tum
1145 1887 1266 1953 propter

116 1979 345 2039 doctissimorum
355 1978 491 2050 virorum,
512 1996 585 2051 qnos
605 1996 680 2038 nunc
700 1979 796 2053 babet,
816 1987 987 2054 perpetuam
1007 1984 1263 2054 conversationem,

115 2091 173 2143 tum
192 2083 271 2156 quod
290 2083 459 2157 propediem
483 2084 552 2145 illuc
572 2085 686 2158 quoqne
707 2091 859 2144 venturum
880 2101 1030 2158 speremus
1050 2085 1226 2160 Molynaum
1238 2087 1259 2157 ⁴,

115 2204 197 2260 quem
216 2195 249 2246 tu
269 2188 355 2247 nobie
374 2193 526 2261 tantopere
546 2189 767 2260 commendasti3
789 2189 864 2248 bnno
877 2191 967 2264 igitur
982 2191 1021 2249 sis
1035 2193 1130 2249 animo
1148 2205 1182 2248 uc
1198 2191 1262 2249 vele

115 2291 244 2351 feliciter.
287 2290 464 2364 Stntgardiae
488 2294 523 2350 10
544 2291 677 2352 Octobris
697 2294 782 2351 Anno
802 2299 856 2351 etc.
879 2297 939 2352 53⁰.

665 2553 717 2609 la.

417 2681 545 2767 Herzog
567 2681 743 2768 christoph
767 2705 808 2748 en
832 2683 965 2768 Verger.

443 2795 589 2871 stuttgart
611 2799 646 2854 16
667 2796 832 2855 November
854 2797 938 2855 1553.

182 2896 297 2966 Herzog
316 2896 465 2967 Christoph
484 2896 565 2952 weist
583 2897 691 2967 Verger
714 2897 859 2952 unterhult
883 2897 941 2952 und
959 2897 1102 2968 wohnung
1126 2915 1170 2952 eo.

180 2992 330 3050 Gedruelrt
346 2992 509 3056 SattlerIV,
528 2991 594 3047 bell.
606 2993 648 3046 25.
667 3010 688 3046 s.
706 2993 747 3046 65.
787 2992 843 3048 Das
860 2991 981 3063 original
1006 2992 1046 3046 im
1063 2991 1162 3047 archiv
1181 2992 1262 3047 nicHt

116 3087 190 3144 mehr
209 3087 399 3144 auirufinden.

189 3184 419 3258 christophorus
445 3186 504 3245 dux
525 3175 798 3258 wirtembergensis
821 3192 875 3245 etc.

193 3289 222 3347 S.
256 3290 290 3348 P.
321 3290 491 3349 Reverende
517 3292 560 3348 vir·
591 3297 621 3349 ct
650 3291 739 3349 amice
771 3291 894 3349 delicte!
935 3288 1068 3348 Redditur
1098 3295 1166 3347 sunt
1194 3289 1262 3348 mihi

116 3401 216 3452 cestrae
249 3395 358 3452 litterae
372 3393 391 3464 ³,
423 3395 524 3467 quibus
554 3393 647 3453 fucitis
668 3410 719 3452 nos
744 3394 895 3461 certiores,
924 3391 1000 3466 quod
1020 3393 1191 3465 receperitis
1212 3408 1262 3450 vos

681 3516 696 3547 *

116 3587 313 3658 liaumburger
331 3591 446 3660 verbrag
465 3608 528 3646 vom
552 3591 586 3644 24
605 3591 728 3646 Februar
748 3591 817 3646 1554
834 3588 986 3660 beendigt,
1014 3587 1133 3664 welcher
1151 3587 1263 3643 Johann

115 3674 258 3729 Friedrich
279 3677 338 3730 und
355 3676 449 3733 seineu
467 3678 553 3733 erbeu
572 3677 618 3733 die
636 3678 728 3732 ttmter
746 3675 922 3746 hltcuburg,
949 3672 1083 3738 Lnlrlrau,
1101 3671 1262 3728 Submllllen

115 3760 168 3815 und
195 3761 304 3816 andere
328 3763 524 3832 gebietstHeile
549 3763 720 3828 susicherte;
748 3781 769 3818 s.
793 3763 883 3826 Beclr,
910 3760 1030 3816 Johann·
1041 3758 1185 3814 Friedrich
1213 3757 1262 3813 der

115 3845 238 3903 mittiere
257 3846 280 3911 1,
300 3844 397 3904 153ss
1248 3840 1250 3844 ’

182 3930 200 3986 2
219 3931 361 3990 Alhrecht
379 3953 435 3992 ron
453 3936 667 4007 Brandenburg,
686 3953 706 3988 s.
725 3935 766 3989 br.
786 3952 812 3988 n.
831 3936 857 3988 2.

180 4020 250 4076 38.
266 4021 311 4075 br.
329 4039 355 4077 n.
375 4025 399 4078 1.

178 4106 401 4163 taMnt

178 4197 195 4250 5
215 4194 318 4250 Dieser
336 4192 411 4250 brief
426 4194 560 4267 Vergera,
591 4196 621 4250 in
639 4195 775 4252 welchem
800 4212 831 4250 er
855 4193 982 4248 definitio
999 4192 1061 4246 dem
1087 4190 1191 4260 herzog
1218 4210 1263 4245 au·

114 4281 186 4350 sagt,
214 4280 255 4335 ist
276 4280 405 4336 veriorem
423 4298 580 4353 gegaugen.
617 4282 668 4337 Die
690 4281 843 4352 gefahren,
871 4279 961 4334 denen
988 4294 1018 4332 er
1040 4277 1181 4342 entrann,
1213 4278 1264 4333 het
