2768 4740
115 288 184 344 1505
658 296 720 353 479

113 463 241 522 situdiue
252 462 357 520 Vestra
369 467 480 534 penne,
502 471 533 519 ut
550 463 668 520 eeiiurio
683 463 819 520 mundare
838 462 981 535 dignetur,
1003 470 1034 521 ut
1054 465 1263 537 aliquantulum

113 566 181 625 boni
203 566 260 624 nini
281 581 334 638 pru
355 581 407 622 suu
427 581 551 637 persona
572 567 599 623 in
623 567 676 624 hou
698 566 797 623 inorbo
817 567 887 623 dure
910 566 992 638 velit3
1014 584 1045 625 se
1060 569 1135 625 enim
1151 569 1179 625 in
1201 571 1264 624 totu

112 670 185 728 urbe
206 687 262 728 nun
283 685 366 742 posse
388 669 534 737 invenire,
565 671 640 742 quod
663 668 761 727 morbo
783 686 834 727 suo
855 671 1015 730 conveniat.
1058 671 1204 741 Meminit,
1232 686 1263 726 se

112 782 182 833 unte
203 774 430 848 quinquennium
451 790 486 832 ex
508 790 575 832 aree
597 777 666 832 sutis
688 773 790 831 bonum
813 773 963 840 habuisse,
996 775 1102 845 poterit
1130 772 1263 832 cellarius

112 879 149 935 ile
172 879 222 935 ilio
244 878 319 948 uino,
341 878 416 951 quod
428 877 577 936 Celsitudo
589 878 692 935 Vestra
703 878 730 936 ei
741 880 888 934 nnnuuiinu
899 893 951 946 pro
964 892 1015 933 suu
1030 876 1184 933 elementia
1204 877 1262 943 dut,

112 983 284 1041 tantundem
305 984 434 1054 accipere
456 982 500 1039 vei
521 985 658 1041 retinere.
691 982 768 1040 Petit
780 997 903 1054 quoque,
926 988 965 1051 nt,
987 982 1009 1037 si
1032 994 1084 1051 pei·
1097 979 1260 1037 lliustnissi-

113 1104 188 1146 mum
210 1086 416 1146 Celsitudiuein
440 1088 571 1145 Vestrum
592 1089 668 1155 iicet,
696 1088 732 1143 ad
753 1102 785 1142 se
806 1086 928 1144 venium.
971 1085 1020 1141 Ait
1040 1087 1124 1149 euim,
1152 1099 1183 1140 se
1211 1101 1263 1156 pen

111 1198 174 1249 tues
194 1192 240 1248 vel
261 1200 385 1262 quatuor
405 1189 468 1246 dies
489 1205 579 1262 opem
604 1206 668 1246 inea
692 1204 762 1258 opus
780 1187 895 1247 iubere.
929 1188 1101 1260 Dignabitur
1116 1188 1261 1245 (uniendo

114 1295 220 1353 Venire
239 1293 386 1367 mandere,
407 1311 472 1368 quae
493 1295 520 1352 ei
540 1292 690 1367 placuerit.

252 1399 453 1458 Illustrissimae
475 1399 663 1456 (ielsitudinis
686 1399 795 1457 Venrae
816 1400 990 1458 humillimus
1011 1401 1135 1458 servit-on

836 1504 998 1563 Ludovieuu
1020 1504 1184 1574 vergerius.

186 1609 291 1662 Hinteu
310 1624 365 1662 von
386 1607 433 1662 des
452 1607 569 1675 heizogs
588 1607 677 1663 hund:

183 1693 241 1749 soil
263 1694 351 1748 keller
371 1694 445 1762 gehn
465 1692 632 1764 Thubingen
662 1695 828 1765 geeehriben
855 1693 980 1755 werden,
1008 1693 1058 1747 dun
1077 1710 1107 1746 er
1130 1691 1262 1760 vergerio

114 1782 171 1836 unii
190 1780 253 1834 dem
272 1798 383 1850 grossen
402 1779 451 1835 fai
477 1781 544 1835 iieni
572 1781 727 1835 vereehinen
753 1783 806 1849 iarn
829 1780 993 1851 genueheue
1018 1779 1262 1850 Holtzgerlinger¹

98 1867 187 1924 ‘insse
207 1868 383 1933 veuuueehen,
403 1869 461 1923 und
479 1886 508 1922 so
528 1887 558 1923 en
572 1870 618 1924 niu
631 1870 721 1923 iviilen
743 1888 774 1921 nn
794 1869 877 1923 deren
897 1869 989 1921 ninum
1010 1866 1073 1925 hab.
1093 1866 1143 1921 das
1161 1884 1192 1918 er
1209 1866 1263 1918 ime

113 1959 161 2010 niu
183 1955 288 2012 halben
308 1973 404 2026 uymer
423 1956 503 2027 gebo.

184 2043 240 2098 Der
257 2043 350 2113 hiesig
368 2042 518 2114 Vergeriuu
543 2063 609 2115 nung
633 2045 680 2098 uin
699 2048 750 2114 ing
768 2047 784 2096 3
803 2044 869 2097 oder
888 2046 904 2096 4
925 2044 1043 2096 hinuben
1064 2044 1176 2095 reitteu.
1216 2040 1261 2093 {eh

114 2132 171 2186 will
192 2131 244 2187 dun
262 2132 377 2188 buehliu
397 2150 428 2184 zu
448 2133 629 2201 gelegenheit
648 2133 745 2187 lensen.
1178 2126 1184 2139 ’

680 2251 695 2282 ss

187 2358 198 2407 l
221 2353 447 2423 Holzgerlingeu,
467 2353 511 2407 ein
530 2353 595 2406 dorf
612 2355 628 2406 3
646 2352 765 2405 niunden
787 2368 840 2404 von
860 2351 1007 2419 Tiibingeu
1029 2352 1167 2409 entiernt;
1193 2350 1264 2417 jetut

114 2443 183 2496 wind
202 2442 266 2496 dont
286 2441 351 2496 kain
372 2440 441 2495 wein
462 2441 540 2495 mehr
559 2440 674 2507 gebnut.
