2768 4740
118 260 183 316 1561
659 263 720 326 285

113 436 179 509 guni
201 434 290 508 degit,
312 439 343 494 et
362 440 465 508 putant
484 433 564 492 illum
586 434 703 492 iturum.
745 433 824 493 Sciat
844 440 941 493 autem
962 434 1161 494 illustrissima
1175 432 1265 493 Celsi-

114 540 185 598 tudo
206 540 320 612 Vestra,
340 539 431 611 istos,
462 554 514 610 pro
535 538 638 611 quibus
659 538 793 597 Farellns
820 537 990 611 intercedit,
1021 539 1129 598 ducere
1150 539 1266 612 quidem

112 646 253 718 originem
274 642 311 702 ab
342 643 469 715 antiquis
489 641 701 714 Valdeusibns,
732 641 785 699 sed
812 640 848 699 ab
876 649 941 700 oeto
969 645 1052 701 antris
1077 643 1150 701 alios
1174 642 1266 702 iaotos

113 766 187 819 esse,
202 757 275 808 etse
286 747 500 807 Genevensium
514 745 642 804 seelesim
655 761 709 819 per
720 747 818 803 omnia
830 747 1024 818 eouujunxisss,
1045 748 1122 820 qnod
1143 745 1264 819 affirmo,

115 870 182 911 nam
203 852 423 925 diligentissime
444 868 506 909 sum
527 852 703 922 sciscitatus,
733 850 756 908 si
785 867 823 908 ex
849 852 920 910 meis
941 859 1039 909 esseut
1059 851 1266 923 Valuensibus3

113 959 166 1017 sed
187 974 244 1016 non
265 963 332 1016 suut
353 955 399 1031 (ut
420 954 501 1031 dini),
523 954 608 1027 longe
629 954 710 1014 aliud
729 970 837 1027 genus,
866 972 922 1014 non
950 963 995 1014 est
1019 971 1054 1014 ea
1074 954 1265 1030 mortificatio,

112 1079 171 1122 uon
193 1060 294 1121 eadem
315 1059 465 1119 eonlessio.

192 1165 292 1224 Rediit
312 1165 467 1237 peculiaris
488 1163 615 1235 nuntius,
637 1165 686 1237 qui
706 1163 820 1223 litteras
840 1164 939 1224 attulit
958 1165 1073 1223 domino
1089 1164 1234 1224 Bnlduino
1245 1166 1264 1239 ¹,

113 1276 147 1330 nt
167 1270 205 1329 ad
225 1286 270 1328 me
291 1270 452 1343 Tubingam
473 1270 602 1340 veniret3
623 1269 788 1343 respondet,
809 1286 841 1328 se
862 1271 1009 1343 usquead
1032 1271 1172 1330 nundinas
1195 1272 1265 1330 llei-

113 1376 260 1448 delbergae
281 1390 453 1446 mansurum,
467 1390 541 1432 ,mox
561 1375 590 1432 in
605 1373 729 1433 Galliam
742 1374 912 1446 rediturum,
934 1390 1019 1446 spero
1041 1374 1175 1434 daturum
1196 1393 1264 1449 ope·

114 1497 195 1548 ram,
225 1487 258 1539 nt
288 1482 369 1554 prins
396 1498 440 1539 me
468 1481 580 1539 invisat.
621 1479 740 1540 Utinam
760 1481 928 1540 adveniret!
969 1479 1044 1538 Nam
1070 1488 1264 1554 preterquam

114 1582 192 1656 quod
213 1584 393 1655 relinqueret
413 1583 573 1656 pleniorem
592 1581 704 1660 (eredo)
719 1599 815 1642 rernm
831 1584 1006 1644 Gallicarum
1023 1584 1265 1658 informationem,

112 1687 302 1761 adjungerem
322 1688 366 1745 illi
387 1689 508 1747 alterum
529 1697 664 1764 nepotem
684 1692 835 1750 Aurelium
864 1692 893 1748 in
915 1691 1024 1750 Gallias
1056 1690 1264 1765 proiecturum.

194 1793 312 1852 Domini
332 1791 461 1851 Veneti·
487 1812 549 1855 rem
577 1812 679 1854 nouam
703 1802 734 1855 et
761 1795 883 1855 antehae
909 1797 1068 1855 inauditam
1093 1799 1124 1857 in
1144 1797 1266 1856 materia

113 1896 263 1970 religionis
289 1898 471 1958 invexerunt.
512 1897 583 1958 (lum
614 1900 690 1959 euim
721 1901 850 1959 nonnulli
880 1917 916 1960 ex
941 1918 1041 1961 eorum
1068 1901 1191 1961 subditis
1219 1902 1265 1961 vel

114 2007 227 2076 sponte,
248 2002 295 2061 vel
315 2018 368 2076 per
387 2005 587 2074 magistratum
607 2006 700 2064 ooaeti
719 2003 749 2063 iu
771 2005 888 2064 exilium
909 2008 938 2064 iu
956 2007 1140 2066 Germaniam
1161 2008 1206 2066 vel
1227 2007 1265 2065 ad

113 2107 264 2168 Helvetios
283 2109 409 2168 abierint
430 2114 460 2167 et
480 2107 706 2168 uxoresiueriut
726 2118 844 2184 seeutoe,
865 2128 914 2171 eas
933 2112 1031 2172 edicto
1051 2111 1166 2184 publiea
1185 2111 1265 2170 edito

113 2220 298 2285 monuerunt,
320 2218 352 2272 nt
371 2229 390 2272 a
409 2213 520 2272 maritis
540 2214 626 2290 (pron
646 2214 753 2290 pudor)
775 2214 901 2274 avellant
921 2232 962 2286 se,
984 2218 1062 2275 etin
1084 2216 1197 2274 ltaliam
1218 2232 1266 2274 re·

114 2320 211 2393 deaut,
233 2322 304 2380 alias
324 2322 422 2381 dotem
442 2322 604 2394 amissuras3
625 2319 739 2379 infinita
759 2321 870 2380 seilicet
889 2322 1026 2394 tirannis,
1057 2338 1114 2394 qua
1134 2337 1263 2396 praesup·

111 2432 233 2501 ponunt,
254 2441 306 2484 uos
326 2442 389 2485 esse
408 2428 548 2498 pessimos
567 2427 735 2498 haereticos,
762 2442 780 2484 a
800 2427 903 2500 quibus
924 2425 1011 2485 etiam
1032 2433 1137 2498 eogant
1156 2440 1264 2486 uxores

114 2531 286 2603 discedere,
315 2531 395 2590 nulla
420 2538 500 2591 eerte
527 2537 614 2590 aetate
642 2537 729 2589 antea
755 2529 886 2589 auditum
912 2529 1032 2589 lacinus.
1072 2530 1137 2589 Jam
1165 2530 1265 2589 uident

113 2637 198 2696 initia
219 2636 349 2696 dolorum
369 2637 397 2694 in
419 2638 483 2710 ipsa
502 2636 614 2695 Veneta
634 2634 795 2708 republica,
816 2636 956 2708 incipiunt
977 2643 1114 2705 metuere,
1137 2649 1173 2693 na
1194 2635 1264 2708 quid

113 2743 208 2802 simile
228 2741 349 2814 aecidat,
371 2742 447 2816 quod
467 2743 496 2800 in
512 2741 607 2801 Gallia
626 2740 740 2801 aoeidit.
770 2739 827 2799 Sed
848 2742 901 2799 lnae
922 2740 957 2799 de
978 2757 1011 2800 ra
1031 2755 1125 2815 spero,
1147 2754 1193 2797 ma
1213 2756 1261 2798 eo·

112 2863 175 2906 ram
195 2847 359 2906 locuturum
380 2842 437 2919 (est
458 2847 533 2905 euim
553 2861 607 2918 per
627 2843 750 2921 magna),
771 2851 803 2903 nt
824 2841 1012 2904 iratresJesu
1029 2843 1135 2904 Christi
1155 2861 1259 2917 eogan·

114 2958 172 3023 tnr,
194 2953 218 3008 si
240 2968 276 3009 ex
295 2951 380 3010 ltalia
400 2950 590 3022 exoleverint,
612 2952 698 3008 etiam
720 2947 857 3007 uxoribus
876 2948 906 3006 in
926 2948 1012 3008 Italia
1032 2949 1125 3009 ductis
1145 2964 1262 3022 earar03

114 3071 248 3129 quanam
269 3062 314 3114 est
332 3055 463 3126 tirannis,
484 3055 509 3113 si
529 3054 592 3113 hae
612 3071 668 3114 nou
691 3054 756 3113 est?

196 3160 328 3218 Nondum
349 3176 409 3218 rem
430 3165 521 3219 totam
541 3159 626 3232 plano
647 3161 725 3232 novi,
747 3161 799 3219 sed
819 3162 916 3219 neseio
937 3160 1005 3233 quid
1025 3160 1180 3234 praesentio
1201 3175 1264 3218 esse

112 3267 145 3325 in
165 3265 253 3325 rebus
273 3267 345 3325 meis
366 3267 402 3325 ab
426 3267 610 3338 autieluist03
642 3283 744 3338 magua
773 3266 848 3324 enirn
876 3263 998 3324 exardet
1017 3264 1215 3338 indignatione
1236 3270 1266 3323 et

114 3371 226 3443 majore
247 3369 332 3428 solito
354 3370 493 3429 aduersus
514 3387 574 3443 me,
602 3376 681 3430 uerte
702 3368 892 3445 prohibentur
913 3371 969 3427 mei
990 3367 1074 3427 amiei
1095 3374 1125 3427 et
1145 3385 1264 3428 consan-

113 3475 223 3547 guinei,
244 3474 346 3533 adme
367 3475 494 3536 sembere
515 3483 544 3536 et
564 3493 643 3536 meas
664 3475 796 3550 accipere
816 3474 939 3532 litteras.
981 3470 1073 3530 Seiam
1095 3488 1179 3543 spero
1200 3488 1266 3544 pro·

113 3564 231 3653 pediam
252 3580 348 3638 omnia
367 3583 597 3654 particulariter3
627 3597 701 3638 nune
729 3581 764 3638 de
793 3579 898 3639 litteris
925 3579 1067 3637 duntaxat
1093 3576 1162 3636 seio.
1202 3575 1266 3649 Ego

112 3691 213 3743 antem
233 3685 314 3742 illum
337 3684 405 3742 nihil
427 3681 500 3741 laoio
521 3689 552 3741 et
571 3683 638 3752 seio,
660 3697 771 3739 merum
786 3696 849 3739 essa
872 3680 1087 3753 antichristum
1109 3677 1266 3739 ooniundat

114 3804 182 3848 enm
203 3788 355 3845 Dominus!
398 3790 499 3846 Amen.

195 3890 271 3963 Quid
291 3894 315 3951 si
336 3893 406 3950 velit
424 3891 577 3963 mandare,
598 3897 631 3951 ut
651 3893 709 3950 mei
729 3898 850 3964 nepotes
872 3897 1012 3964 oogautur
1034 3889 1148 3949 domum
1168 3887 1266 3947 redlre

684 4022 715 4055 s·

187 4127 201 4180 l
221 4124 249 4179 S.
268 4141 296 4178 n.
317 4123 375 4178 120.

185 4210 361 4266 2Smst
