<?xml version="1.0" encoding="UTF-8"?>
<!DOCTYPE html PUBLIC "-//W3C//DTD XHTML 1.0 Transitional//EN"
    "http://www.w3.org/TR/xhtml1/DTD/xhtml1-transitional.dtd">
<html xmlns="http://www.w3.org/1999/xhtml" xml:lang="en" lang="en">
 <head>
  <title>
</title>
<meta http-equiv="Content-Type" content="text/html;charset=utf-8" />
  <meta name='ocr-system' content='tesseract 3.04.00' />
  <meta name='ocr-capabilities' content='ocr_page ocr_carea ocr_par ocr_line ocrx_word'/>
</head>
<body>
  <div class='ocr_page' id='page_1' title='image "./briefwechselzwi00verggoog_0224.png"; bbox 0 0 2768 4740; ppageno 0'>
   <div class='ocr_carea' id='block_1_1' title="bbox 115 231 718 350">
    <p class='ocr_par' dir='ltr' id='par_1_1' title="bbox 115 231 718 350">
     <span class='ocr_line' id='line_1_1' title="bbox 115 231 718 350; baseline 0.003 -2"><span class='ocrx_word' id='word_1_1' title='bbox 115 231 203 340; x_wconf 75' lang='lat' dir='ltr'>isso</span> <span class='ocrx_word' id='word_1_2' title='bbox 657 287 718 350; x_wconf 81' lang='lat'>213</span> 
     </span>
    </p>
   </div>
   <div class='ocr_carea' id='block_1_2' title="bbox 111 440 1264 1468">
    <p class='ocr_par' dir='ltr' id='par_1_2' title="bbox 111 440 1264 1468">
     <span class='ocr_line' id='line_1_2' title="bbox 114 440 1264 532; baseline 0.003 -17"><span class='ocrx_word' id='word_1_3' title='bbox 114 456 151 515; x_wconf 87' lang='lat' dir='ltr'>ed</span> <span class='ocrx_word' id='word_1_4' title='bbox 178 455 301 530; x_wconf 80' lang='lat' dir='ltr'>gloriam</span> <span class='ocrx_word' id='word_1_5' title='bbox 322 455 376 515; x_wconf 87' lang='lat' dir='ltr'>Dei</span> <span class='ocrx_word' id='word_1_6' title='bbox 406 460 435 515; x_wconf 87' lang='lat' dir='ltr'>et</span> <span class='ocrx_word' id='word_1_7' title='bbox 463 456 618 518; x_wconf 76' lang='lat' dir='ltr'><strong>utilitatem</strong></span> <span class='ocrx_word' id='word_1_8' title='bbox 646 458 768 531; x_wconf 78' lang='lat' dir='ltr'><strong>proximi</strong></span> <span class='ocrx_word' id='word_1_9' title='bbox 795 464 893 532; x_wconf 86' lang='lat' dir='ltr'>posset</span> <span class='ocrx_word' id='word_1_10' title='bbox 921 440 1078 531; x_wconf 69' lang='lat' dir='ltr'>publicem</span> <span class='ocrx_word' id='word_1_11' title='bbox 1110 457 1141 516; x_wconf 90' lang='lat' dir='ltr'>Si</span> <span class='ocrx_word' id='word_1_12' title='bbox 1168 457 1264 518; x_wconf 87' lang='lat' dir='ltr'>denuo</span> 
     </span>
     <span class='ocr_line' id='line_1_3' title="bbox 113 555 1264 635; baseline 0.005 -19"><span class='ocrx_word' id='word_1_13' title='bbox 113 556 237 616; x_wconf 87' lang='lat' dir='ltr'>luissent</span> <span class='ocrx_word' id='word_1_14' title='bbox 257 555 398 617; x_wconf 85' lang='lat' dir='ltr'>vertenda</span> <span class='ocrx_word' id='word_1_15' title='bbox 423 555 515 617; x_wconf 88' lang='lat' dir='ltr'>biblis</span> <span class='ocrx_word' id='word_1_16' title='bbox 533 576 587 634; x_wconf 95' lang='lat' dir='ltr'>per</span> <span class='ocrx_word' id='word_1_17' title='bbox 606 566 703 620; x_wconf 87' lang='lat' dir='ltr'>certos</span> <span class='ocrx_word' id='word_1_18' title='bbox 723 558 869 632; x_wconf 82' lang='lat' dir='ltr'>homines,</span> <span class='ocrx_word' id='word_1_19' title='bbox 900 562 950 635; x_wconf 88' lang='lat' dir='ltr'>qui</span> <span class='ocrx_word' id='word_1_20' title='bbox 971 560 1026 621; x_wconf 92' lang='lat' dir='ltr'>huc</span> <span class='ocrx_word' id='word_1_21' title='bbox 1045 561 1205 630; x_wconf 84' lang='lat' dir='ltr'>venissent,</span> <span class='ocrx_word' id='word_1_22' title='bbox 1233 569 1264 622; x_wconf 92' lang='lat' dir='ltr'>et</span> 
     </span>
     <span class='ocr_line' id='line_1_4' title="bbox 113 659 1262 738; baseline 0.003 -19"><span class='ocrx_word' id='word_1_23' title='bbox 113 663 210 735; x_wconf 78' lang='lat' dir='ltr'>magni</span> <span class='ocrx_word' id='word_1_24' title='bbox 231 668 361 734; x_wconf 88' lang='lat' dir='ltr'>sumptus</span> <span class='ocrx_word' id='word_1_25' title='bbox 380 659 503 720; x_wconf 85' lang='lat' dir='ltr'>luissent</span> <span class='ocrx_word' id='word_1_26' title='bbox 518 659 651 733; x_wconf 84' lang='lat' dir='ltr'>faciendi,</span> <span class='ocrx_word' id='word_1_27' title='bbox 673 660 796 722; x_wconf 86' lang='lat' dir='ltr'>inissent</span> <span class='ocrx_word' id='word_1_28' title='bbox 812 679 928 737; x_wconf 88' lang='lat' dir='ltr'>quoqne</span> <span class='ocrx_word' id='word_1_29' title='bbox 943 662 1108 738; x_wconf 87' lang='lat' dir='ltr'>requirendi</span> <span class='ocrx_word' id='word_1_30' title='bbox 1122 662 1172 722; x_wconf 90' lang='lat' dir='ltr'>alii</span> <span class='ocrx_word' id='word_1_31' title='bbox 1184 664 1262 736; x_wconf 90' lang='lat' dir='ltr'>prin·</span> 
     </span>
     <span class='ocr_line' id='line_1_5' title="bbox 113 766 1263 843; baseline 0.003 -18"><span class='ocrx_word' id='word_1_32' title='bbox 113 767 205 840; x_wconf 83' lang='lat' dir='ltr'>cipes,</span> <span class='ocrx_word' id='word_1_33' title='bbox 232 767 282 841; x_wconf 89' lang='lat' dir='ltr'>qui</span> <span class='ocrx_word' id='word_1_34' title='bbox 302 766 531 837; x_wconf 84' lang='lat' dir='ltr'>contribuerent3</span> <span class='ocrx_word' id='word_1_35' title='bbox 559 767 596 827; x_wconf 91' lang='lat' dir='ltr'>ob</span> <span class='ocrx_word' id='word_1_36' title='bbox 616 784 702 840; x_wconf 89' lang='lat' dir='ltr'>qnam</span> <span class='ocrx_word' id='word_1_37' title='bbox 722 783 838 828; x_wconf 88' lang='lat' dir='ltr'>causam</span> <span class='ocrx_word' id='word_1_38' title='bbox 858 783 1033 827; x_wconf 71' lang='lat' dir='ltr'><strong>accesseram</strong></span> <span class='ocrx_word' id='word_1_39' title='bbox 1054 784 1109 843; x_wconf 72' lang='lat' dir='ltr'>ego</span> <span class='ocrx_word' id='word_1_40' title='bbox 1129 767 1166 827; x_wconf 88' lang='lat' dir='ltr'>ad</span> <span class='ocrx_word' id='word_1_41' title='bbox 1187 768 1263 828; x_wconf 91' lang='lat' dir='ltr'>elec·</span> 
     </span>
     <span class='ocr_line' id='line_1_6' title="bbox 111 870 1264 948; baseline 0.001 -17"><span class='ocrx_word' id='word_1_42' title='bbox 111 878 207 931; x_wconf 86' lang='lat' dir='ltr'>torem</span> <span class='ocrx_word' id='word_1_43' title='bbox 226 871 392 932; x_wconf 89' lang='lat' dir='ltr'>Palatinum</span> <span class='ocrx_word' id='word_1_44' title='bbox 413 870 597 944; x_wconf 80' lang='lat' dir='ltr'>deiunctnm3</span> <span class='ocrx_word' id='word_1_45' title='bbox 621 871 673 931; x_wconf 89' lang='lat' dir='ltr'>sed</span> <span class='ocrx_word' id='word_1_46' title='bbox 703 889 767 932; x_wconf 93' lang='lat' dir='ltr'>cum</span> <span class='ocrx_word' id='word_1_47' title='bbox 783 872 835 931; x_wconf 67' lang='lat' dir='ltr'>‘vir</span> <span class='ocrx_word' id='word_1_48' title='bbox 855 872 943 932; x_wconf 86' lang='lat' dir='ltr'>tertia</span> <span class='ocrx_word' id='word_1_49' title='bbox 962 888 1030 948; x_wconf 83' lang='lat' dir='ltr'>pers</span> <span class='ocrx_word' id='word_1_50' title='bbox 1050 875 1114 947; x_wconf 75' lang='lat' dir='ltr'>eius</span> <span class='ocrx_word' id='word_1_51' title='bbox 1133 877 1264 948; x_wconf 89' lang='lat' dir='ltr'>sumptus</span> 
     </span>
     <span class='ocr_line' id='line_1_7' title="bbox 112 973 1263 1052; baseline 0.002 -17"><span class='ocrx_word' id='word_1_52' title='bbox 112 973 247 1035; x_wconf 82' lang='lat' dir='ltr'>iacienda</span> <span class='ocrx_word' id='word_1_53' title='bbox 267 994 342 1035; x_wconf 89' lang='lat' dir='ltr'>nunc</span> <span class='ocrx_word' id='word_1_54' title='bbox 368 978 423 1049; x_wconf 93' lang='lat' dir='ltr'>sit,</span> <span class='ocrx_word' id='word_1_55' title='bbox 454 991 548 1049; x_wconf 87' lang='lat' dir='ltr'>spero,</span> <span class='ocrx_word' id='word_1_56' title='bbox 569 976 702 1036; x_wconf 90' lang='lat' dir='ltr'>Vestram</span> <span class='ocrx_word' id='word_1_57' title='bbox 728 977 952 1037; x_wconf 85' lang='lat' dir='ltr'>illustrissimam</span> <span class='ocrx_word' id='word_1_58' title='bbox 979 975 1186 1036; x_wconf 77' lang='lat' dir='ltr'>celsitudinem</span> <span class='ocrx_word' id='word_1_59' title='bbox 1210 992 1263 1052; x_wconf 87' lang='lat' dir='ltr'>pro</span> 
     </span>
     <span class='ocr_line' id='line_1_8' title="bbox 112 1080 1263 1155; baseline 0 -16"><span class='ocrx_word' id='word_1_60' title='bbox 112 1096 165 1139; x_wconf 90' lang='lat' dir='ltr'>sua</span> <span class='ocrx_word' id='word_1_61' title='bbox 185 1096 289 1154; x_wconf 79' lang='lat' dir='ltr'>magne</span> <span class='ocrx_word' id='word_1_62' title='bbox 309 1081 419 1155; x_wconf 86' lang='lat' dir='ltr'>pietate</span> <span class='ocrx_word' id='word_1_63' title='bbox 441 1098 497 1139; x_wconf 91' lang='lat' dir='ltr'>nou</span> <span class='ocrx_word' id='word_1_64' title='bbox 518 1087 725 1154; x_wconf 73' lang='lat' dir='ltr'>recusaturum,</span> <span class='ocrx_word' id='word_1_65' title='bbox 747 1082 820 1142; x_wconf 85' lang='lat' dir='ltr'>velle</span> <span class='ocrx_word' id='word_1_66' title='bbox 842 1083 932 1142; x_wconf 88' lang='lat' dir='ltr'>solam</span> <span class='ocrx_word' id='word_1_67' title='bbox 946 1081 1005 1141; x_wconf 87' lang='lat' dir='ltr'>tale</span> <span class='ocrx_word' id='word_1_68' title='bbox 1018 1096 1091 1141; x_wconf 87' lang='lat' dir='ltr'>onus</span> <span class='ocrx_word' id='word_1_69' title='bbox 1110 1080 1263 1153; x_wconf 83' lang='lat' dir='ltr'>sustinere,</span> 
     </span>
     <span class='ocr_line' id='line_1_9' title="bbox 111 1180 1262 1259; baseline 0.001 -16"><span class='ocrx_word' id='word_1_70' title='bbox 111 1180 149 1243; x_wconf 88' lang='lat' dir='ltr'>ad</span> <span class='ocrx_word' id='word_1_71' title='bbox 169 1184 292 1258; x_wconf 76' lang='lat' dir='ltr'>gloriam</span> <span class='ocrx_word' id='word_1_72' title='bbox 312 1186 393 1258; x_wconf 88' lang='lat' dir='ltr'>ejus,</span> <span class='ocrx_word' id='word_1_73' title='bbox 424 1187 473 1258; x_wconf 88' lang='lat' dir='ltr'>qui</span> <span class='ocrx_word' id='word_1_74' title='bbox 500 1201 554 1259; x_wconf 89' lang='lat' dir='ltr'>pro</span> <span class='ocrx_word' id='word_1_75' title='bbox 581 1183 663 1244; x_wconf 87' lang='lat' dir='ltr'>nobis</span> <span class='ocrx_word' id='word_1_76' title='bbox 688 1193 811 1245; x_wconf 83' lang='lat' dir='ltr'>mortem</span> <span class='ocrx_word' id='word_1_77' title='bbox 835 1186 981 1245; x_wconf 86' lang='lat' dir='ltr'>sustinuit.</span> <span class='ocrx_word' id='word_1_78' title='bbox 1023 1183 1196 1244; x_wconf 81' lang='lat' dir='ltr'>Commendo</span> <span class='ocrx_word' id='word_1_79' title='bbox 1215 1199 1262 1244; x_wconf 92' lang='lat' dir='ltr'>me</span> 
     </span>
     <span class='ocr_line' id='line_1_10' title="bbox 111 1288 1262 1364; baseline -0.001 -17"><span class='ocrx_word' id='word_1_80' title='bbox 111 1296 282 1348; x_wconf 88' lang='lat' dir='ltr'>reverenter</span> <span class='ocrx_word' id='word_1_81' title='bbox 296 1289 499 1348; x_wconf 84' lang='lat' dir='ltr'>lllustrissimae</span> <span class='ocrx_word' id='word_1_82' title='bbox 514 1289 709 1349; x_wconf 87' lang='lat' dir='ltr'>Dominationi</span> <span class='ocrx_word' id='word_1_83' title='bbox 722 1289 841 1360; x_wconf 80' lang='lat' dir='ltr'>Vestrae,</span> <span class='ocrx_word' id='word_1_84' title='bbox 863 1289 942 1348; x_wconf 90' lang='lat' dir='ltr'>Deus</span> <span class='ocrx_word' id='word_1_85' title='bbox 955 1295 1062 1364; x_wconf 78' lang='lat' dir='ltr'>augeat</span> <span class='ocrx_word' id='word_1_86' title='bbox 1071 1289 1114 1348; x_wconf 95' lang='lat' dir='ltr'>illi</span> <span class='ocrx_word' id='word_1_87' title='bbox 1130 1288 1262 1363; x_wconf 86' lang='lat' dir='ltr'>spiritum</span> 
     </span>
     <span class='ocr_line' id='line_1_11' title="bbox 111 1392 810 1468; baseline 0.003 -17"><span class='ocrx_word' id='word_1_88' title='bbox 111 1399 143 1452; x_wconf 84' lang='lat' dir='ltr'>et</span> <span class='ocrx_word' id='word_1_89' title='bbox 163 1392 247 1452; x_wconf 85' lang='lat' dir='ltr'>fidem</span> <span class='ocrx_word' id='word_1_90' title='bbox 268 1410 329 1468; x_wconf 88' lang='lat' dir='ltr'>per.</span> <span class='ocrx_word' id='word_1_91' title='bbox 341 1393 486 1453; x_wconf 85' lang='lat' dir='ltr'>Christum</span> <span class='ocrx_word' id='word_1_92' title='bbox 506 1394 652 1453; x_wconf 91' lang='lat' dir='ltr'>domiuum</span> <span class='ocrx_word' id='word_1_93' title='bbox 672 1400 810 1453; x_wconf 89' lang='lat' dir='ltr'>nostrum.</span> 
     </span>
    </p>
   </div>
   <div class='ocr_carea' id='block_1_3' title="bbox 192 1522 714 1596">
    <p class='ocr_par' dir='ltr' id='par_1_3' title="bbox 192 1522 714 1596">
     <span class='ocr_line' id='line_1_12' title="bbox 192 1522 714 1596; baseline -0.002 -14"><span class='ocrx_word' id='word_1_94' title='bbox 192 1522 330 1596; x_wconf 81' lang='lat' dir='ltr'>Tubingae</span> <span class='ocrx_word' id='word_1_95' title='bbox 350 1524 398 1583; x_wconf 94' lang='lat' dir='ltr'>die</span> <span class='ocrx_word' id='word_1_96' title='bbox 418 1523 461 1582; x_wconf 90' lang='lat' dir='ltr'>XI</span> <span class='ocrx_word' id='word_1_97' title='bbox 481 1523 552 1582; x_wconf 85' lang='lat' dir='ltr'>Maii</span> <span class='ocrx_word' id='word_1_98' title='bbox 571 1540 647 1583; x_wconf 93' lang='lat' dir='ltr'>auno</span> <span class='ocrx_word' id='word_1_99' title='bbox 668 1526 714 1583; x_wconf 83' lang='lat'>59.</span> 
     </span>
    </p>
   </div>
   <div class='ocr_carea' id='block_1_4' title="bbox 341 1655 1029 1725">
    <p class='ocr_par' dir='ltr' id='par_1_4' title="bbox 341 1655 1029 1725">
     <span class='ocr_line' id='line_1_13' title="bbox 341 1655 1029 1725; baseline -0.001 -11"><span class='ocrx_word' id='word_1_100' title='bbox 341 1655 528 1714; x_wconf 82' lang='lat' dir='ltr'>celsitudinis</span> <span class='ocrx_word' id='word_1_101' title='bbox 550 1656 660 1715; x_wconf 81' lang='lat' dir='ltr'>Vestrae</span> <span class='ocrx_word' id='word_1_102' title='bbox 681 1655 891 1725; x_wconf 52' lang='lat' dir='ltr'>illustrissimae,</span> <span class='ocrx_word' id='word_1_103' title='bbox 906 1656 1029 1714; x_wconf 88' lang='lat' dir='ltr'>servitor</span> 
     </span>
    </p>
   </div>
   <div class='ocr_carea' id='block_1_5' title="bbox 1014 1784 1181 1857">
    <p class='ocr_par' dir='ltr' id='par_1_5' title="bbox 1014 1784 1181 1857">
     <span class='ocr_line' id='line_1_14' title="bbox 1014 1784 1181 1857; baseline 0 -15"><span class='ocrx_word' id='word_1_104' title='bbox 1014 1784 1181 1857; x_wconf 75' lang='lat' dir='ltr'>Ver-gorius.</span> 
     </span>
    </p>
   </div>
   <div class='ocr_carea' id='block_1_6' title="bbox 418 2064 956 2274">
    <p class='ocr_par' dir='ltr' id='par_1_6' title="bbox 418 2064 956 2274">
     <span class='ocr_line' id='line_1_15' title="bbox 667 2064 714 2122; baseline 0.043 -2"><span class='ocrx_word' id='word_1_105' title='bbox 667 2064 714 2122; x_wconf 89' lang='grc'>86.</span> 
     </span>
     <span class='ocr_line' id='line_1_16' title="bbox 418 2184 956 2274; baseline -0.002 -24"><span class='ocrx_word' id='word_1_106' title='bbox 418 2186 543 2274; x_wconf 82' lang='lat' dir='ltr'>Verger</span> <span class='ocrx_word' id='word_1_107' title='bbox 566 2209 609 2252; x_wconf 91' lang='lat' dir='ltr'>an</span> <span class='ocrx_word' id='word_1_108' title='bbox 629 2187 749 2271; x_wconf 81' lang='lat' dir='ltr'>herzog</span> <span class='ocrx_word' id='word_1_109' title='bbox 771 2184 956 2271; x_wconf 78' lang='lat' dir='ltr'>christoph.</span> 
     </span>
    </p>
   </div>
   <div class='ocr_carea' id='block_1_7' title="bbox 442 2323 928 2399">
    <p class='ocr_par' dir='ltr' id='par_1_7' title="bbox 442 2323 928 2399">
     <span class='ocr_line' id='line_1_17' title="bbox 442 2323 928 2399; baseline 0.002 -18"><span class='ocrx_word' id='word_1_110' title='bbox 442 2323 591 2398; x_wconf 78' lang='lat' dir='ltr'>Tubingen</span> <span class='ocrx_word' id='word_1_111' title='bbox 614 2328 628 2383; x_wconf 92' lang='lat'>1</span> <span class='ocrx_word' id='word_1_112' title='bbox 651 2324 822 2399; x_wconf 85' lang='lat' dir='ltr'>September</span> <span class='ocrx_word' id='word_1_113' title='bbox 844 2325 928 2383; x_wconf 78' lang='lat'><strong>1559.</strong></span> 
     </span>
    </p>
   </div>
   <div class='ocr_carea' id='block_1_8' title="bbox 110 2447 1261 2716">
    <p class='ocr_par' dir='ltr' id='par_1_8' title="bbox 110 2447 1261 2716">
     <span class='ocr_line' id='line_1_18' title="bbox 184 2447 1261 2525; baseline 0.002 -21"><span class='ocrx_word' id='word_1_114' title='bbox 184 2449 313 2506; x_wconf 78' lang='lat' dir='ltr'>Flirhitte</span> <span class='ocrx_word' id='word_1_115' title='bbox 341 2453 385 2506; x_wconf 86' lang='lat' dir='ltr'>fdr</span> <span class='ocrx_word' id='word_1_116' title='bbox 413 2453 495 2508; x_wconf 91' lang='lat' dir='ltr'>einen</span> <span class='ocrx_word' id='word_1_117' title='bbox 520 2453 551 2506; x_wconf 89' lang='lat' dir='ltr'>in</span> <span class='ocrx_word' id='word_1_118' title='bbox 577 2453 663 2509; x_wconf 76' lang='lat' dir='ltr'>(idria</span> <span class='ocrx_word' id='word_1_119' title='bbox 691 2452 869 2525; x_wconf 78' lang='lat' dir='ltr'>geiangenen</span> <span class='ocrx_word' id='word_1_120' title='bbox 893 2451 1040 2518; x_wconf 81' lang='lat' dir='ltr'>Italillner;</span> <span class='ocrx_word' id='word_1_121' title='bbox 1067 2450 1113 2507; x_wconf 88' lang='lat' dir='ltr'>die</span> <span class='ocrx_word' id='word_1_122' title='bbox 1137 2447 1261 2507; x_wconf 80' lang='lat' dir='ltr'>edricher</span> 
     </span>
     <span class='ocr_line' id='line_1_19' title="bbox 112 2543 1260 2620; baseline -0.001 -18"><span class='ocrx_word' id='word_1_123' title='bbox 112 2546 266 2616; x_wconf 78' lang='lat' dir='ltr'>theologen</span> <span class='ocrx_word' id='word_1_124' title='bbox 283 2547 360 2603; x_wconf 84' lang='lat' dir='ltr'>scien</span> <span class='ocrx_word' id='word_1_125' title='bbox 379 2548 443 2603; x_wconf 89' lang='lat' dir='ltr'>sehr</span> <span class='ocrx_word' id='word_1_126' title='bbox 461 2549 556 2604; x_wconf 80' lang='lat' dir='ltr'>erbost</span> <span class='ocrx_word' id='word_1_127' title='bbox 573 2549 626 2605; x_wconf 85' lang='lat' dir='ltr'>aul</span> <span class='ocrx_word' id='word_1_128' title='bbox 639 2549 705 2615; x_wconf 92' lang='lat' dir='ltr'>ihn,</span> <span class='ocrx_word' id='word_1_129' title='bbox 724 2548 788 2604; x_wconf 84' lang='lat' dir='ltr'>weil</span> <span class='ocrx_word' id='word_1_130' title='bbox 807 2565 838 2604; x_wconf 91' lang='lat' dir='ltr'>er</span> <span class='ocrx_word' id='word_1_131' title='bbox 855 2548 900 2604; x_wconf 88' lang='lat' dir='ltr'>die</span> <span class='ocrx_word' id='word_1_132' title='bbox 919 2546 1038 2620; x_wconf 79' lang='lat' dir='ltr'>kdnigin</span> <span class='ocrx_word' id='word_1_133' title='bbox 1056 2563 1110 2602; x_wconf 86' lang='lat' dir='ltr'>ron</span> <span class='ocrx_word' id='word_1_134' title='bbox 1128 2543 1260 2617; x_wconf 74' lang='lat' dir='ltr'>England</span> 
     </span>
     <span class='ocr_line' id='line_1_20' title="bbox 110 2643 832 2716; baseline 0.004 -21"><span class='ocrx_word' id='word_1_135' title='bbox 110 2660 160 2696; x_wconf 82' lang='lat' dir='ltr'>sur</span> <span class='ocrx_word' id='word_1_136' title='bbox 177 2643 318 2698; x_wconf 87' lang='lat' dir='ltr'>annahmo</span> <span class='ocrx_word' id='word_1_137' title='bbox 337 2644 386 2699; x_wconf 91' lang='lat' dir='ltr'>der</span> <span class='ocrx_word' id='word_1_138' title='bbox 404 2645 571 2716; x_wconf 73' lang='lat' dir='ltr'>Augustusne</span> <span class='ocrx_word' id='word_1_139' title='bbox 588 2646 723 2716; x_wconf 75' lang='lat' dir='ltr'>bewegcn</span> <span class='ocrx_word' id='word_1_140' title='bbox 741 2644 832 2699; x_wconf 73' lang='lat' dir='ltr'>nolle.</span> 
     </span>
    </p>
   </div>
   <div class='ocr_carea' id='block_1_9' title="bbox 110 2748 1262 4182">
    <p class='ocr_par' dir='ltr' id='par_1_9' title="bbox 192 2748 1145 2825">
     <span class='ocr_line' id='line_1_21' title="bbox 192 2748 1145 2825; baseline 0 -20"><span class='ocrx_word' id='word_1_141' title='bbox 192 2749 384 2808; x_wconf 87' lang='lat' dir='ltr'>illustrissime</span> <span class='ocrx_word' id='word_1_142' title='bbox 406 2751 544 2825; x_wconf 84' lang='lat' dir='ltr'>Princeps</span> <span class='ocrx_word' id='word_1_143' title='bbox 565 2755 595 2811; x_wconf 91' lang='lat' dir='ltr'>et</span> <span class='ocrx_word' id='word_1_144' title='bbox 615 2751 738 2810; x_wconf 90' lang='lat' dir='ltr'>Domine</span> <span class='ocrx_word' id='word_1_145' title='bbox 759 2750 880 2810; x_wconf 89' lang='lat' dir='ltr'>Domine</span> <span class='ocrx_word' id='word_1_146' title='bbox 901 2748 1145 2808; x_wconf 86' lang='lat' dir='ltr'>Clementissimel</span> 
     </span>
    </p>

    <p class='ocr_par' dir='ltr' id='par_1_10' title="bbox 110 2850 1262 3853">
     <span class='ocr_line' id='line_1_22' title="bbox 194 2850 1259 2929; baseline 0.002 -21"><span class='ocrx_word' id='word_1_147' title='bbox 194 2852 297 2911; x_wconf 87' lang='lat' dir='ltr'>Vestrn</span> <span class='ocrx_word' id='word_1_148' title='bbox 317 2853 514 2913; x_wconf 84' lang='lat' dir='ltr'>illustrissime</span> <span class='ocrx_word' id='word_1_149' title='bbox 535 2852 685 2914; x_wconf 75' lang='lat' dir='ltr'>celsitudo</span> <span class='ocrx_word' id='word_1_150' title='bbox 705 2854 824 2929; x_wconf 78' lang='lat' dir='ltr'>dignata</span> <span class='ocrx_word' id='word_1_151' title='bbox 843 2852 916 2927; x_wconf 87' lang='lat' dir='ltr'>luit,</span> <span class='ocrx_word' id='word_1_152' title='bbox 941 2852 1078 2925; x_wconf 79' lang='lat' dir='ltr'>proximis</span> <span class='ocrx_word' id='word_1_153' title='bbox 1104 2850 1259 2926; x_wconf 76' lang='lat' dir='ltr'>praeteritis</span> 
     </span>
     <span class='ocr_line' id='line_1_23' title="bbox 111 2955 1261 3030; baseline -0.001 -16"><span class='ocrx_word' id='word_1_154' title='bbox 111 2955 258 3018; x_wconf 87' lang='lat' dir='ltr'>mensibus</span> <span class='ocrx_word' id='word_1_155' title='bbox 281 2955 318 3014; x_wconf 88' lang='lat' dir='ltr'>ed</span> <span class='ocrx_word' id='word_1_156' title='bbox 345 2955 558 3014; x_wconf 87' lang='lat' dir='ltr'>serenissimum</span> <span class='ocrx_word' id='word_1_157' title='bbox 586 2972 686 3030; x_wconf 77' lang='lat' dir='ltr'>regem</span> <span class='ocrx_word' id='word_1_158' title='bbox 706 2956 852 3016; x_wconf 80' lang='lat' dir='ltr'>Bohemiee</span> <span class='ocrx_word' id='word_1_159' title='bbox 877 2957 1078 3029; x_wconf 87' lang='lat' dir='ltr'>intercedere,</span> <span class='ocrx_word' id='word_1_160' title='bbox 1109 2962 1143 3014; x_wconf 88' lang='lat' dir='ltr'>ut</span> <span class='ocrx_word' id='word_1_161' title='bbox 1172 2955 1261 3014; x_wconf 89' lang='lat' dir='ltr'>vellet</span> 
     </span>
     <span class='ocr_line' id='line_1_24' title="bbox 111 3059 1262 3136; baseline 0 -16"><span class='ocrx_word' id='word_1_162' title='bbox 111 3063 182 3136; x_wconf 86' lang='lat' dir='ltr'>pati,</span> <span class='ocrx_word' id='word_1_163' title='bbox 205 3078 261 3134; x_wconf 90' lang='lat' dir='ltr'>qno</span> <span class='ocrx_word' id='word_1_164' title='bbox 282 3060 385 3134; x_wconf 87' lang='lat' dir='ltr'>aliquis</span> <span class='ocrx_word' id='word_1_165' title='bbox 404 3061 524 3134; x_wconf 74' lang='lat' dir='ltr'>insignis</span> <span class='ocrx_word' id='word_1_166' title='bbox 540 3061 721 3122; x_wconf 76' lang='lat' dir='ltr'>Christianus</span> <span class='ocrx_word' id='word_1_167' title='bbox 742 3063 850 3123; x_wconf 91' lang='lat' dir='ltr'>amicus</span> <span class='ocrx_word' id='word_1_168' title='bbox 867 3080 947 3123; x_wconf 89' lang='lat' dir='ltr'>meus</span> <span class='ocrx_word' id='word_1_169' title='bbox 960 3080 997 3123; x_wconf 83' lang='lat' dir='ltr'>ex</span> <span class='ocrx_word' id='word_1_170' title='bbox 1008 3059 1262 3136; x_wconf 76' lang='lat' dir='ltr'>Italiaprolugus¹</span> 
     </span>
     <span class='ocr_line' id='line_1_25' title="bbox 113 3165 1260 3244; baseline 0.001 -21"><span class='ocrx_word' id='word_1_171' title='bbox 113 3167 143 3224; x_wconf 93' lang='lat' dir='ltr'>in</span> <span class='ocrx_word' id='word_1_172' title='bbox 165 3166 253 3224; x_wconf 92' lang='lat' dir='ltr'>Istria</span> <span class='ocrx_word' id='word_1_173' title='bbox 274 3165 458 3239; x_wconf 86' lang='lat' dir='ltr'>consisteret,</span> <span class='ocrx_word' id='word_1_174' title='bbox 480 3176 510 3226; x_wconf 88' lang='lat' dir='ltr'>et</span> <span class='ocrx_word' id='word_1_175' title='bbox 530 3183 610 3237; x_wconf 82' lang='lat' dir='ltr'>ecce,</span> <span class='ocrx_word' id='word_1_176' title='bbox 641 3169 755 3229; x_wconf 88' lang='lat' dir='ltr'>interea</span> <span class='ocrx_word' id='word_1_177' title='bbox 775 3168 844 3227; x_wconf 93' lang='lat' dir='ltr'>dum</span> <span class='ocrx_word' id='word_1_178' title='bbox 863 3174 1012 3244; x_wconf 84' lang='lat' dir='ltr'>exspectet</span> <span class='ocrx_word' id='word_1_179' title='bbox 1031 3182 1209 3241; x_wconf 89' lang='lat' dir='ltr'>responsum,</span> <span class='ocrx_word' id='word_1_180' title='bbox 1229 3167 1260 3224; x_wconf 92' lang='lat' dir='ltr'>in</span> 
     </span>
     <span class='ocr_line' id='line_1_26' title="bbox 118 3268 1261 3349; baseline 0 -21"><span class='ocrx_word' id='word_1_181' title='bbox 118 3270 260 3349; x_wconf 83' lang='lat' dir='ltr'>excelsam</span> <span class='ocrx_word' id='word_1_182' title='bbox 281 3271 384 3329; x_wconf 89' lang='lat' dir='ltr'>turrim</span> <span class='ocrx_word' id='word_1_183' title='bbox 395 3269 517 3330; x_wconf 82' lang='lat' dir='ltr'>Goritiae</span> <span class='ocrx_word' id='word_1_184' title='bbox 537 3270 702 3344; x_wconf 88' lang='lat' dir='ltr'>conjicitor.</span> <span class='ocrx_word' id='word_1_185' title='bbox 736 3269 917 3330; x_wconf 82' lang='lat' dir='ltr'>Crediderim</span> <span class='ocrx_word' id='word_1_186' title='bbox 936 3268 1024 3331; x_wconf 88' lang='lat' dir='ltr'>luisse</span> <span class='ocrx_word' id='word_1_187' title='bbox 1045 3286 1178 3330; x_wconf 80' lang='lat' dir='ltr'>caesareae</span> <span class='ocrx_word' id='word_1_188' title='bbox 1197 3269 1261 3328; x_wconf 83' lang='lat' dir='ltr'>Ma-</span> 
     </span>
     <span class='ocr_line' id='line_1_27' title="bbox 110 3374 1261 3450; baseline 0 -14"><span class='ocrx_word' id='word_1_189' title='bbox 110 3377 227 3450; x_wconf 79' lang='lat' dir='ltr'>iestatis</span> <span class='ocrx_word' id='word_1_190' title='bbox 255 3392 334 3448; x_wconf 90' lang='lat' dir='ltr'>opus.</span> <span class='ocrx_word' id='word_1_191' title='bbox 381 3376 578 3436; x_wconf 89' lang='lat' dir='ltr'>Illustrissima</span> <span class='ocrx_word' id='word_1_192' title='bbox 605 3376 755 3436; x_wconf 83' lang='lat' dir='ltr'>celsitudo</span> <span class='ocrx_word' id='word_1_193' title='bbox 776 3377 879 3436; x_wconf 86' lang='lat' dir='ltr'>Vestra</span> <span class='ocrx_word' id='word_1_194' title='bbox 899 3377 1050 3449; x_wconf 85' lang='lat' dir='ltr'>inspiciat,</span> <span class='ocrx_word' id='word_1_195' title='bbox 1081 3374 1158 3450; x_wconf 89' lang='lat' dir='ltr'>quod</span> <span class='ocrx_word' id='word_1_196' title='bbox 1177 3376 1261 3436; x_wconf 87' lang='lat' dir='ltr'>mitto</span> 
     </span>
     <span class='ocr_line' id='line_1_28' title="bbox 111 3477 1260 3554; baseline -0.001 -16"><span class='ocrx_word' id='word_1_197' title='bbox 111 3479 289 3539; x_wconf 87' lang='lat' dir='ltr'>memoriale.</span> <span class='ocrx_word' id='word_1_198' title='bbox 341 3480 476 3553; x_wconf 89' lang='lat' dir='ltr'>Supplico</span> <span class='ocrx_word' id='word_1_199' title='bbox 504 3495 558 3553; x_wconf 90' lang='lat' dir='ltr'>per</span> <span class='ocrx_word' id='word_1_200' title='bbox 587 3477 688 3537; x_wconf 82' lang='lat' dir='ltr'>lesum</span> <span class='ocrx_word' id='word_1_201' title='bbox 710 3477 874 3552; x_wconf 85' lang='lat' dir='ltr'>Christum,</span> <span class='ocrx_word' id='word_1_202' title='bbox 906 3494 941 3538; x_wconf 90' lang='lat' dir='ltr'>ne</span> <span class='ocrx_word' id='word_1_203' title='bbox 972 3478 1122 3551; x_wconf 87' lang='lat' dir='ltr'>permittat</span> <span class='ocrx_word' id='word_1_204' title='bbox 1156 3477 1260 3554; x_wconf 84' lang='lat' dir='ltr'>(quan-</span> 
     </span>
     <span class='ocr_line' id='line_1_29' title="bbox 112 3581 1261 3664; baseline -0.003 -21"><span class='ocrx_word' id='word_1_205' title='bbox 112 3590 173 3643; x_wconf 90' lang='lat' dir='ltr'>tum</span> <span class='ocrx_word' id='word_1_206' title='bbox 193 3584 224 3642; x_wconf 94' lang='lat' dir='ltr'>in</span> <span class='ocrx_word' id='word_1_207' title='bbox 245 3600 276 3642; x_wconf 88' lang='lat' dir='ltr'>se</span> <span class='ocrx_word' id='word_1_208' title='bbox 298 3584 355 3657; x_wconf 87' lang='lat' dir='ltr'>est)</span> <span class='ocrx_word' id='word_1_209' title='bbox 388 3590 419 3642; x_wconf 94' lang='lat' dir='ltr'>ut</span> <span class='ocrx_word' id='word_1_210' title='bbox 447 3582 538 3641; x_wconf 90' lang='lat' dir='ltr'>bonus</span> <span class='ocrx_word' id='word_1_211' title='bbox 565 3581 616 3640; x_wconf 92' lang='lat' dir='ltr'>ille</span> <span class='ocrx_word' id='word_1_212' title='bbox 644 3582 688 3640; x_wconf 87' lang='lat' dir='ltr'>vir</span> <span class='ocrx_word' id='word_1_213' title='bbox 714 3587 777 3664; x_wconf 22' lang='lat' dir='ltr'>aut,</span> <span class='ocrx_word' id='word_1_214' title='bbox 791 3583 821 3641; x_wconf 93' lang='lat' dir='ltr'>in</span> <span class='ocrx_word' id='word_1_215' title='bbox 842 3582 1019 3643; x_wconf 86' lang='lat' dir='ltr'>Venetorum</span> <span class='ocrx_word' id='word_1_216' title='bbox 1045 3588 1097 3642; x_wconf 89' lang='lat' dir='ltr'>aut</span> <span class='ocrx_word' id='word_1_217' title='bbox 1121 3583 1151 3641; x_wconf 94' lang='lat' dir='ltr'>in</span> <span class='ocrx_word' id='word_1_218' title='bbox 1172 3581 1261 3656; x_wconf 80' lang='lat' dir='ltr'>Papae</span> 
     </span>
     <span class='ocr_line' id='line_1_30' title="bbox 111 3685 1260 3762; baseline -0.003 -14"><span class='ocrx_word' id='word_1_219' title='bbox 111 3705 213 3748; x_wconf 89' lang='lat' dir='ltr'>manus</span> <span class='ocrx_word' id='word_1_220' title='bbox 232 3691 466 3759; x_wconf 79' lang='lat' dir='ltr'>transmittatur,</span> <span class='ocrx_word' id='word_1_221' title='bbox 498 3688 552 3747; x_wconf 93' lang='lat' dir='ltr'>hoc</span> <span class='ocrx_word' id='word_1_222' title='bbox 579 3693 657 3746; x_wconf 91' lang='lat' dir='ltr'>esset</span> <span class='ocrx_word' id='word_1_223' title='bbox 676 3688 747 3747; x_wconf 90' lang='lat' dir='ltr'>dare</span> <span class='ocrx_word' id='word_1_224' title='bbox 767 3688 842 3762; x_wconf 89' lang='lat' dir='ltr'>lupis</span> <span class='ocrx_word' id='word_1_225' title='bbox 863 3686 1059 3747; x_wconf 84' lang='lat' dir='ltr'>devorandum</span> <span class='ocrx_word' id='word_1_226' title='bbox 1085 3685 1176 3745; x_wconf 91' lang='lat' dir='ltr'>lilium</span> <span class='ocrx_word' id='word_1_227' title='bbox 1195 3686 1260 3758; x_wconf 87' lang='lat' dir='ltr'>Dei,</span> 
     </span>
     <span class='ocr_line' id='line_1_31' title="bbox 111 3794 438 3853; baseline 0 -1"><span class='ocrx_word' id='word_1_228' title='bbox 111 3794 250 3852; x_wconf 87' lang='lat' dir='ltr'>Vestrum</span> <span class='ocrx_word' id='word_1_229' title='bbox 271 3794 438 3853; x_wconf 89' lang='lat' dir='ltr'>membrum.</span> 
     </span>
    </p>

    <p class='ocr_par' dir='ltr' id='par_1_11' title="bbox 192 3895 1259 3972">
     <span class='ocr_line' id='line_1_32' title="bbox 192 3895 1259 3972; baseline -0.003 -16"><span class='ocrx_word' id='word_1_230' title='bbox 192 3900 295 3972; x_wconf 76' lang='lat' dir='ltr'>»Quod</span> <span class='ocrx_word' id='word_1_231' title='bbox 316 3901 365 3958; x_wconf 91' lang='lat' dir='ltr'>uni</span> <span class='ocrx_word' id='word_1_232' title='bbox 387 3915 423 3970; x_wconf 85' lang='lat' dir='ltr'>ex</span> <span class='ocrx_word' id='word_1_233' title='bbox 443 3898 566 3956; x_wconf 88' lang='lat' dir='ltr'>minimis</span> <span class='ocrx_word' id='word_1_234' title='bbox 587 3898 659 3955; x_wconf 87' lang='lat' dir='ltr'>meis</span> <span class='ocrx_word' id='word_1_235' title='bbox 675 3896 810 3968; x_wconf 77' lang='lat' dir='ltr'>feceritis,</span> <span class='ocrx_word' id='word_1_236' title='bbox 831 3895 901 3956; x_wconf 89' lang='lat' dir='ltr'>mihi</span> <span class='ocrx_word' id='word_1_237' title='bbox 914 3895 1071 3970; x_wconf 81' lang='lat' dir='ltr'>feceritis«,</span> <span class='ocrx_word' id='word_1_238' title='bbox 1091 3896 1259 3956; x_wconf 81' lang='lat' dir='ltr'>nitueriles.</span> 
     </span>
    </p>

    <p class='ocr_par' dir='ltr' id='par_1_12' title="bbox 111 4000 1259 4182">
     <span class='ocr_line' id='line_1_33' title="bbox 192 4000 1259 4077; baseline -0.006 -14"><span class='ocrx_word' id='word_1_239' title='bbox 192 4005 327 4063; x_wconf 85' lang='lat' dir='ltr'>Celerum</span> <span class='ocrx_word' id='word_1_240' title='bbox 348 4020 384 4062; x_wconf 88' lang='lat' dir='ltr'>ex</span> <span class='ocrx_word' id='word_1_241' title='bbox 404 4002 513 4077; x_wconf 77' lang='lat' dir='ltr'>Tignro</span> <span class='ocrx_word' id='word_1_242' title='bbox 534 4000 626 4061; x_wconf 88' lang='lat' dir='ltr'>habco</span> <span class='ocrx_word' id='word_1_243' title='bbox 647 4000 758 4074; x_wconf 89' lang='lat' dir='ltr'>aliquid</span> <span class='ocrx_word' id='word_1_244' title='bbox 777 4003 853 4061; x_wconf 85' lang='lat' dir='ltr'>novi.</span> <span class='ocrx_word' id='word_1_245' title='bbox 883 4000 930 4060; x_wconf 91' lang='lat' dir='ltr'>Illi</span> <span class='ocrx_word' id='word_1_246' title='bbox 950 4001 1075 4059; x_wconf 86' lang='lat' dir='ltr'>clement</span> <span class='ocrx_word' id='word_1_247' title='bbox 1095 4006 1195 4059; x_wconf 81' lang='lat' dir='ltr'>contm</span> <span class='ocrx_word' id='word_1_248' title='bbox 1213 4014 1259 4057; x_wconf 91' lang='lat' dir='ltr'>me</span> 
     </span>
     <span class='ocr_line' id='line_1_34' title="bbox 111 4082 1258 4182; baseline -0.007 -13"><span class='ocrx_word' id='word_1_249' title='bbox 111 4112 267 4182; x_wconf 88' lang='lat' dir='ltr'>iratissimi,</span> <span class='ocrx_word' id='word_1_250' title='bbox 290 4110 342 4169; x_wconf 91' lang='lat' dir='ltr'>sed</span> <span class='ocrx_word' id='word_1_251' title='bbox 361 4125 423 4181; x_wconf 90' lang='lat' dir='ltr'>me,</span> <span class='ocrx_word' id='word_1_252' title='bbox 444 4082 571 4182; x_wconf 78' lang='lat' dir='ltr'>iuquam,</span> <span class='ocrx_word' id='word_1_253' title='bbox 591 4113 702 4180; x_wconf 90' lang='lat' dir='ltr'>petunt,</span> <span class='ocrx_word' id='word_1_254' title='bbox 723 4122 786 4166; x_wconf 85' lang='lat' dir='ltr'>cum</span> <span class='ocrx_word' id='word_1_255' title='bbox 806 4105 1031 4165; x_wconf 85' lang='lat' dir='ltr'>Illustrissimam</span> <span class='ocrx_word' id='word_1_256' title='bbox 1051 4103 1258 4164; x_wconf 80' lang='lat' dir='ltr'>celsitudinem</span> 
     </span>
    </p>
   </div>
   <div class='ocr_carea' id='block_1_10' title="bbox 186 4321 1101 4390">
    <p class='ocr_par' dir='ltr' id='par_1_13' title="bbox 186 4321 1101 4390">
     <span class='ocr_line' id='line_1_35' title="bbox 186 4321 1101 4390; baseline -0.007 -8"><span class='ocrx_word' id='word_1_257' title='bbox 186 4330 198 4382; x_wconf 90' lang='lat' dir='ltr'>l</span> <span class='ocrx_word' id='word_1_258' title='bbox 222 4328 275 4381; x_wconf 90' lang='lat' dir='ltr'>Der</span> <span class='ocrx_word' id='word_1_259' title='bbox 293 4326 428 4382; x_wconf 70' lang='lat' dir='ltr'>Italianer</span> <span class='ocrx_word' id='word_1_260' title='bbox 446 4325 511 4382; x_wconf 83' lang='lat' dir='ltr'>hiell</span> <span class='ocrx_word' id='word_1_261' title='bbox 532 4325 694 4382; x_wconf 76' lang='lat' dir='ltr'>Frenriscus</span> <span class='ocrx_word' id='word_1_262' title='bbox 712 4324 810 4390; x_wconf 80' lang='lat' dir='ltr'>Stella,</span> <span class='ocrx_word' id='word_1_263' title='bbox 829 4325 907 4379; x_wconf 82' lang='lat' dir='ltr'>sonet</span> <span class='ocrx_word' id='word_1_264' title='bbox 924 4321 1101 4379; x_wconf 78' lang='lat' dir='ltr'>unbekannt.</span> 
     </span>
    </p>
   </div>
   <div class='ocr_carea' id='block_1_11' title="bbox 0 0 1388 4740">
    <p class='ocr_par' dir='ltr' id='par_1_14' title="bbox 0 0 1388 4740">
     <span class='ocr_line' id='line_1_36' title="bbox 0 0 1388 4740; baseline 0 1"><span class='ocrx_word' id='word_1_265' title='bbox 0 0 1388 4740; x_wconf 95' lang='lat' dir='ltr'> </span> 
     </span>
    </p>
   </div>
  </div>
 </body>
</html>
