2768 4740
123 266 193 321 1564
666 278 728 338 407

195 438 256 493 Von
276 439 339 494 dem
359 440 461 510 herzog
479 441 517 495 ist
535 443 730 516 eigenlrltndig
750 446 892 501 bamcrlrt:

195 526 253 582 Soll
272 527 332 582 also
351 529 517 597 geschriben
537 531 657 586 werden.

662 804 728 863 199.

429 933 550 1019 Verger
573 956 616 999 an
640 935 756 1022 herzog
779 935 963 1021 Christoph.

485 1063 635 1136 Tubingen
658 1067 694 1122 14
715 1064 795 1125 Mttrz
818 1069 903 1124 1564.
946 1088 948 1093 ’

192 1184 287 1238 Danlrt
306 1184 350 1237 fiir
367 1185 422 1238 den
440 1183 515 1238 brief
530 1201 593 1239 vom
613 1187 646 1240 10
656 1184 740 1251 Mara,
760 1186 865 1241 meldet
883 1187 1066 1257 ncuiglreiten
1085 1208 1135 1244 ans
1157 1190 1267 1254 italien,

119 1281 249 1336 wunscht
267 1280 340 1336 doch
358 1280 431 1336 noch
449 1281 522 1336 nach
543 1280 735 1337 Graubiinden
750 1300 782 1336 zu
802 1281 901 1337 reisan.

197 1387 393 1446 Illustriseime
413 1389 551 1465 Princeps
573 1398 603 1450 et
622 1392 746 1452 Domine
767 1392 891 1451 Domine
913 1391 1159 1453 clementissime!

199 1491 315 1550 Gratius
336 1494 512 1553 immortales
532 1512 587 1569 ago
607 1496 811 1555 illustrissime
833 1496 1003 1557 celsitudini
1016 1497 1128 1557 Vestrae
1148 1516 1200 1571 pro
1221 1501 1268 1559 lit·

120 1596 192 1655 teris
213 1602 335 1655 externa
356 1594 402 1654 die
424 1596 561 1669 Nirtinga
588 1597 704 1668 datis¹,
736 1597 838 1671 quibus
865 1615 910 1656 mc
939 1598 1097 1660 clementer
1123 1600 1267 1675 hortatur,

119 1707 151 1760 ut
171 1699 330 1759 abstineam
351 1705 387 1759 ab
408 1702 513 1760 itinero
534 1703 709 1761 eraetornm.
750 1704 913 1763 Declarabo
933 1710 1043 1774 postea,
1071 1721 1135 1763 cnm
1156 1708 1270 1766 venerit

118 1803 222 1863 festum
238 1805 391 1878 paschatis,
414 1819 498 1877 qnam
512 1806 568 1863 sint
581 1821 683 1878 graves
698 1822 799 1873 causae,
825 1810 892 1864 tnnc
914 1804 989 1863 enim
1010 1807 1185 1866 commodine
1199 1809 1267 1867 lice·

118 1909 174 1981 bit,
202 1910 316 1969 interea
336 1926 390 1983 ago
411 1913 519 1985 gratias
541 1909 585 1983 (nt
607 1908 683 1984 dixi)
702 1925 755 1982 pro
777 1915 835 1966 tam
860 1925 963 1979 inagna
990 1909 1158 1978 clementia;
1192 1928 1268 1971 nnnc

118 2015 257 2088 aperiam,
279 2018 306 2074 in
329 2032 385 2088 qno
406 2021 483 2073 statu
503 2029 551 2073 res
571 2030 635 2072 sese
656 2013 771 2073 habeat.
813 2015 883 2073 Post
910 2012 1086 2071 celebratum
1113 2013 1172 2073 tale
1200 2032 1268 2075 con·

117 2118 295 2189 ciliabnlnm,
323 2119 408 2192 quale
430 2119 607 2178 celebratum
630 2125 673 2178 ost
686 2116 713 2186 ¹,
743 2119 797 2178 hoc
817 2126 862 2177 est
883 2117 1066 2190 illegitimum
1089 2124 1118 2176 et
1138 2118 1266 2190 stultam,

116 2219 226 2279 luriunt
248 2220 351 2280 Veneti
373 2227 541 2294 putantque,
563 2238 593 2280 se
615 2222 711 2280 omnia
731 2221 839 2281 habere
860 2223 889 2280 in
910 2237 1005 2292 mann,
1028 2222 1096 2294 qnia
1116 2222 1266 2282 concilium

116 2319 302 2383 absolverint.
343 2324 485 2398 Imprimis
506 2323 647 2397 quispiam
673 2323 804 2383 dominns
824 2322 992 2382 Fm‘dcricns
1013 2322 1166 2383 Cornelius
1177 2323 1196 2396 ⁸,
1218 2326 1266 2399 qni

116 2425 352 2498 Bergomensinm
373 2425 516 2498 gubernat
537 2427 672 2485 diocesim
694 2433 723 2485 et
745 2429 957 2500 episcopatum,
986 2428 1102 2502 scripsit
1121 2429 1265 2488 Basileam

116 2545 206 2601 nsque
228 2529 384 2602 citavitque
406 2530 547 2604 quandam
568 2530 782 2602 mulierculam,
810 2547 874 2604 quar
902 2532 1003 2591 docem
1030 2539 1081 2592 ant
1102 2533 1264 2607 quindecim

115 2635 197 2692 annis
219 2635 290 2692 vixit
311 2635 434 2693 Basilear
455 2650 518 2692 cum
538 2635 642 2693 marito
670 2651 721 2694 suo
750 2635 861 2694 medico
888 2636 987 2696 sancto
1017 2643 1104 2711 atque
1134 2636 1265 2707 honeste,

116 2740 233 2811 citant,
265 2741 399 2814 inquam,
431 2747 463 2799 nt
492 2739 589 2798 statim
612 2757 630 2797 a
651 2741 712 2799 viro
732 2756 784 2799 sno
805 2725 969 2800 discedcrct
991 2746 1021 2799 et
1040 2740 1212 2813 Bergomum
1233 2758 1264 2801 se

115 2841 261 2902 conferret
290 2845 343 2904 snb
364 2861 449 2917 poena
470 2845 680 2905 confiscationis
700 2845 855 2918 bonorum,
881 2862 945 2918 qnae
971 2848 1018 2904 vix
1038 2847 1265 2921 quadringentos

115 2949 235 3007 ducatos
256 2950 414 3020 excedunt,
440 2953 594 3026 agiturque
616 2969 662 3010 res
683 2952 767 3011 valde
788 2951 880 3022 serio;
909 2949 982 3022 proh
1002 2949 1097 3007 Deum
1117 2952 1263 3009 immorta-

113 3053 178 3121 lem,
200 3060 310 3126 quanta
329 3055 375 3111 hic
394 3053 562 3125 crudelitas,
584 3053 714 3112 dividere
738 3055 829 3112 rlrnm
849 3052 886 3111 ab
907 3067 1008 3123 uxore,
1030 3053 1099 3126 quie
1113 3053 1214 3111 vivunt
1232 3053 1263 3111 in

114 3161 213 3216 nostra
233 3158 381 3231 religione,
402 3160 484 3232 qnasi
504 3165 599 3218 actum
620 3157 708 3217 luerit
726 3158 761 3216 de
780 3175 823 3229 ee,
844 3157 940 3216 abico
957 3156 1060 3214 divisio
1074 3154 1150 3215 lacta
1162 3154 1262 3215 luerit!

113 3260 201 3320 Aliud
224 3263 317 3321 estin
338 3280 370 3321 rc
396 3265 551 3334 consimili,
583 3265 724 3337 quispiam
749 3261 840 3322 frater
866 3261 1007 3321 concessit
1034 3258 1119 3318 fratri
1145 3258 1263 3318 filiolam

111 3370 177 3423 octo
199 3371 250 3423 ant
271 3365 369 3424 decem
392 3353 531 3425 annornm
552 3366 683 3437 circiter,
712 3383 776 3440 qnae
797 3364 980 3425 cohabitaret
1000 3365 1123 3424 Basilcae
1143 3370 1264 3439 propter

111 3474 323 3539 paupertatem.
371 3468 475 3527 Veneti
502 3468 683 3527 resciverunt
709 3474 796 3541 atque
825 3471 938 3529 unicam
966 3470 1050 3528 istam
1080 3469 1116 3528 ob
1146 3485 1261 3528 causam

112 3576 225 3642 patrem
246 3573 351 3643 puellae
373 3573 401 3629 in
430 3588 574 3631 carcerem
602 3573 781 3632 intruserunt
808 3574 1039 3648 manducentque
1066 3591 1170 3647 magna
1196 3574 1261 3632 dili·

112 3675 227 3747 gentio,
257 3680 289 3732 ut
312 3673 403 3733 filiola
424 3677 452 3732 in
472 3676 610 3746 patriam,
638 3674 692 3732 linc
713 3681 759 3732 est
779 3675 951 3748 Bergomum
973 3678 1149 3737 remittatur.
1191 3679 1260 3750 Qua

112 3777 237 3838 durities
262 3786 307 3837 est
332 3778 411 3836 haec?
442 3780 524 3852 qnasi
555 3785 649 3837 actum
676 3780 713 3838 sit
740 3779 785 3854 (nt
813 3781 886 3855 dixi)
918 3783 954 3841 de
979 3789 1080 3842 nostra
1107 3783 1260 3858 religione,

678 3881 694 3917 a

187 3961 198 4012 l
220 3959 246 4012 S.
270 3976 297 4013 n.
318 3961 376 4014 198.

184 4045 246 4100 28.
268 4063 297 4100 ιι.
317 4046 376 4100 196.

184 4135 200 4187 3
218 4132 382 4188 Prodericua
400 4132 559 4197 Cornelius,
583 4135 646 4204 gob.
668 4134 797 4207 Venedig
817 4138 897 4199 1531,
925 4135 1016 4206 lolgte
1040 4136 1145 4191 seinem
1167 4136 1258 4192 oheim

112 4220 243 4290 Aloyains
268 4220 411 4276 Cornelius
437 4220 477 4276 im
498 4210 564 4291 jahr
583 4223 650 4277 1560
674 4223 727 4276 nul
747 4223 811 4277 dem
834 4221 1015 4276 bischolasita
1038 4239 1095 4278 ron
1112 4223 1258 4294 Bergamo,

112 4306 209 4360 warde
229 4307 296 4361 1577
316 4305 428 4362 bischol
443 4324 498 4362 von
512 4307 617 4374 Padus,
635 4311 718 4364 irater
736 4308 835 4364 Sixtv
855 4308 991 4372 cardinal,
1008 4313 1025 4378 †
1045 4310 1113 4365 1590
1130 4309 1161 4365 in
1179 4309 1258 4366 Rom.
