2768 4740
116 272 184 327 laet
674 277 716 335 ol

113 443 227 502 Alberti
249 445 280 500 in
301 460 420 501 uxorem
441 442 573 514 duxerit,
587 427 640 500 'eui
664 443 717 502 dos
737 461 793 501 uou
815 446 890 504 adeo
909 418 1012 522 ampla,
1034 447 1091 505 imo
1111 448 1201 505 multo
1221 448 1264 504 in-

112 526 201 608 ierim·
219 549 379 607 distributa
398 548 444 605 sit
485 547 550 605 Non
573 551 649 606 enim
669 550 774 615 dotem,
795 551 845 608 sed
868 551 1014 622 familiam,
1037 553 1263 625 rrorrpeeuniam.

113 653 163 711 sed
183 669 306 710 uxorem
328 655 406 710 inter
425 668 478 709 uos
497 654 697 710 consuevimus
723 653 839 711 ducere.
880 656 950 726 Qua
976 663 1007 712 tn
1034 672 1086 712 suo
1114 656 1176 713 loeo
1204 663 1264 712 stu-

112 757 220 815 diosius
234 755 409 827 exagerabis
427 754 562 826 idemque
583 755 747 812 elaborabis
767 755 878 826 sedulo,
904 774 940 814 ne
961 758 997 815 ob
1018 765 1077 816 tarn
1097 759 1182 816 rilem
1203 775 1263 817 rem

112 861 325 919 matrimonium
346 866 470 931 utraque
490 875 525 916 ex
548 864 630 930 parte
651 857 846 918 felicissimum
868 863 1008 920 irritetur.
1051 866 1121 935 Quae
1148 864 1201 922 tibi
1227 865 1263 922 ad

112 967 224 1023 litteras
245 975 310 1024 tuas
331 982 367 1022 ex
387 965 524 1035 singulari
546 963 644 1020 farore
666 964 841 1034 respondere
863 967 1012 1023 coluimus.

672 1243 716 1296 10.

420 1325 543 1432 Verger
566 1368 608 1410 au
632 1345 749 1430 herzog
771 1343 953 1430 Christoph.

479 1459 627 1532 Tubiugeu
653 1461 687 1516 19
707 1459 790 1531 April
816 1461 900 1517 1554.

184 1558 377 1615 Nachrichteu
395 1559 464 1614 iiber
481 1560 527 1613 die
554 1559 716 1615 ferrarisuhe
745 1559 858 1615 heirath
880 1561 936 1614 und
963 1561 1030 1615 fiber
1054 1561 1099 1616 eiu
1118 1561 1191 1618 buch
1210 1578 1264 1616 rou
1374 1563 1383 1585 ¹

115 1655 146 1708 lt.
165 1654 241 1710 Polo.

196 1753 394 1810 illustrissime
415 1753 554 1825 Princeps
575 1759 605 1809 et
625 1753 748 1810 Domine
769 1753 891 1810 Domine
907 1755 1133 1812 Gratiosissime!

193 1857 257 1927 Ago
282 1858 392 1928 gratias
412 1871 496 1927 quam
519 1857 654 1913 maximas
672 1855 844 1913 Celsitmlini
863 1857 982 1926 Vestrae,
1004 1874 1069 1929 quae
1087 1859 1205 1929 dignata
1221 1867 1266 1916 cst

115 1976 208 2032 nuper
222 1962 293 2017 meis
311 1963 416 2019 litteris
433 1960 619 2033 respondere,
639 1977 673 2018 ac
694 1978 751 2018 ιιοιι
765 1963 849 2020 irrodo
865 1962 901 2019 ad
915 1962 944 2019 id
964 1962 1039 2035 quod
1055 1962 1196 2035 petebam,
1213 1964 1264 2022 sed

114 2064 190 2120 aliud
210 2077 354 2135 praeterea
371 2082 428 2123 non
449 2068 530 2138 parri
548 2068 684 2123 momenti
703 2070 922 2124 communicare.
944 2066 1027 2125 Nunc
1044 2067 1162 2126 obsecro
1177 2074 1264 2139 atque

114 2170 260 2244 supplico,
292 2176 325 2225 ut
344 2187 436 2243 pauca
456 2172 544 2229 liceat
564 2171 633 2228 inihi
655 2172 690 2228 de
713 2179 835 2245 utroque
857 2173 979 2229 articulo
1008 2170 1102 2229 adhuc
1129 2173 1264 2231 scribere.

115 2275 208 2346 Quum
231 2274 280 2331 diu
300 2271 451 2331 familiaris
472 2272 574 2332 luerim
597 2274 661 2332 duci
684 2282 714 2332 et
735 2274 856 2332 ducissae
878 2274 1032 2344 Ferraria,
1052 2291 1167 2346 possum
1187 2273 1264 2332 allir·

114 2393 202 2442 mare,
225 2377 336 2447 ducem,
357 2378 405 2449 qui
426 2377 564 2448 pietatem
586 2395 681 2435 reram
704 2395 760 2436 uon
783 2380 870 2448 norit,
892 2394 997 2451 cupere
1018 2378 1192 2437 Bararieas¹
1213 2396 1265 2451 pro

114 2479 180 2550 filio,
203 2482 345 2539 ducissam
365 2497 452 2552 vero,
485 2498 548 2554 quaa
570 2498 637 2538 sere
659 2481 738 2539 norit
763 2483 916 2553 pietatem,
944 2481 1100 2539 Saronicus
1127 2498 1179 2554 pro
1207 2481 1265 2538 lilia

115 2587 291 2644 desiderare.
334 2586 391 2645 Sed
412 2594 442 2644 et
462 2587 542 2646 aliud
561 2588 644 2646 simul
666 2585 811 2645 affirmare
838 2603 969 2659 possum,
995 2586 1097 2643 ducem
1126 2600 1188 2642 esse
1213 2585 1264 2642 ali-

116 2698 222 2763 quanto
244 2693 420 2749 tenaciorem
442 2690 486 2765 (ut
507 2690 597 2747 dicam
619 2691 649 2748 id
670 2691 745 2763 quod
772 2691 829 2766 est)
861 2697 889 2746 et
917 2691 994 2747 illum
1021 2689 1049 2745 in
1078 2676 1165 2746 eausa
1192 2705 1264 2758 osse,

116 2802 146 2853 ut
166 2813 244 2853 uarro
264 2795 437 2866 quaesierim,
458 2797 482 2852 si
504 2794 572 2868 quid
593 2793 716 2868 principi
738 2795 842 2853 Saroni
864 2796 1033 2861 accreverit,
1055 2798 1142 2865 atque
1163 2800 1196 2850 ut
1207 2792 1261 2850 Ba-

116 2901 220 2958 rarieae
243 2902 351 2972 nuptiae
372 2915 458 2958 causa
479 2899 555 2957 dotis
576 2886 770 2970 retardentur,
792 2917 847 2957 non
861 2905 957 2957 autem
971 2899 1122 2967 ducissam,
1145 2913 1208 2969 quae
1231 2904 1261 2954 ut

117 3019 182 3060 rere
204 3006 254 3076 pia
274 3009 320 3062 est
340 3004 381 3061 ita
402 3010 431 3060 et
452 3004 641 3074 magnanima,
663 3004 790 3076 nihilque
805 3010 913 3076 praeter
924 3003 1059 3059 virtutem
1071 2998 1264 3057 nobilitatem·

116 3125 169 3179 que
191 3109 221 3163 in
244 3123 360 3164 suorum
381 3106 504 3165 filiorum
528 3107 715 3164 matrimoniis
736 3107 920 3179 ‹puaerendum
942 3112 1048 3164 censet.
1085 3105 1192 3175 Scripsi
1212 3120 1266 3176 ego

116 3211 181 3268 hnic
202 3226 296 3281 nuper
316 3210 352 3267 de
373 3211 492 3268 meliore
514 3217 582 3268 nota
603 3217 738 3281 tauquam
760 3226 795 3266 ex
816 3225 876 3276 nie,
898 3225 931 3266 ae
952 3209 1064 3266 litteras
1084 3223 1137 3280 per
1156 3211 1266 3265 certum

116 3314 248 3371 nuntium
269 3314 416 3385 usquead
437 3311 508 3371 lines
528 3313 620 3370 ltaliae
641 3313 719 3382 misi,
749 3318 778 3367 et
800 3315 840 3369 ita
860 3319 947 3383 pate,
969 3329 1014 3369 me
1036 3313 1196 3383 exagitasse
1217 3328 1267 3369 ae·

115 3419 223 3488 gotium
247 3406 277 3476 et
293 3419 413 3490 arsisse,
435 3424 467 3474 ut
487 3416 594 3487 nuptiae
615 3396 673 3472 illae
688 3414 835 3472 Bararicae
852 3415 966 3472 omuino
987 3417 1045 3472 sint
1065 3416 1185 3487 futurae,
1207 3417 1267 3473 scio

117 3524 189 3580 enim
211 3523 313 3580 (iucem
329 3522 473 3580 Ferraria
495 3528 526 3579 et
543 3519 717 3578 cardinalem
735 3518 948 3593 Hippolytum*
965 3521 1027 3590 ejus
1043 3518 1161 3578 tratrem
1180 3529 1266 3591 atque

116 3721 170 3757 nar
194 3703 236 3758 sie
261 3720 317 3757 voa
342 3702 420 3757 irdhe
445 3720 480 3755 an
506 3702 646 3773 angathae
673 3718 808 3769 genesen.
845 3703 871 3754 5.
898 3701 986 3755 Stillin
1008 3701 1060 3763 lV,
1089 3703 1156 3762 770,
1187 3721 1206 3753 a.
1228 3703 1266 3756 br.

115 3809 137 3844 u
159 3794 200 3845 ll.
240 3791 293 3846 Die
311 3790 504 3845 construktion
524 3791 561 3844 ist
579 3790 642 3845 sehr
661 3788 848 3859 mangelhait.

183 3881 196 3932 l
218 3879 248 3933 S.
268 3897 297 3932 n.
319 3879 344 3931 9.

184 3969 201 4020 2
222 3967 366 4037 Hippolyt
386 3984 440 4020 von
458 3967 542 4028 Este,
560 3965 629 4019 sohu
649 3982 703 4019 ron
723 3965 853 4018 alfonsi
873 3980 927 4016 von
947 3964 1071 4024 Ferrato,
1093 3963 1195 4016 bruslor
1212 3980 1266 4016 von

116 4055 252 4110 Herknlas
273 4054 309 4119 ΙΙ,
329 4053 392 4124 geb.
414 4053 495 4115 1509,
520 4052 570 4106 ruit
589 4053 643 4108 den
663 4052 797 4106 hochsteu
817 4050 992 4104 kirehlichen
1012 4050 1126 4103 nitrdcu
1145 4050 1266 4109 botrani,

116 4143 271 4199 erabiachoi
288 4159 344 4197 von
362 4142 499 4205 Mallaud‚
519 4140 654 4208 cardinal,
672 4140 819 4210 proteklor
837 4156 892 4193 rou
911 4135 1098 4197 Fraukrcieh‚
1123 4153 1156 4187 aa
1175 4135 1267 4190 vieleu

115 4227 437 4299 kirchlieh·pelitisehen
458 4229 608 4282 missionem
627 4227 803 4290 remandet,
822 4232 838 4292 †
857 4228 873 4279 2
892 4221 1045 4277 December
1065 4223 1140 4275 1572.
1179 4222 1205 4276 S.
1225 4223 1266 4276 br.

115 4336 138 4372 ιι.
157 4319 215 4374 129.

1020 4403 1057 4454 51
