2768 4740
83 261 93 277 ’
130 261 202 316 ¹5⁶⁸
677 271 740 328 lut

125 437 188 494 vini
206 441 312 509 pstruo
333 437 400 511 (pte
421 437 582 512 memorien)
603 437 666 496 duri
685 440 815 511 jussisse,
838 439 911 497 banc
927 440 985 498 vini
1007 455 1169 500 mensnrsrn
1191 443 1280 501 celln-

125 543 202 598 rium
222 543 251 599 in
272 543 413 613 compotis
433 542 572 613 posuisse,
593 549 736 615 tamqnam
759 542 971 602 illustrissimus
984 544 1118 617 princeps
1134 562 1189 603 non
1204 545 1279 604 dono

127 644 266 704 dedisset.

204 747 305 806 Tertio
325 747 461 806 silvarum
482 747 649 820 prefectum
670 749 732 807 sine
753 749 890 822 principis
906 751 991 823 jussu
1013 753 1092 825 ligne
1105 752 1175 811 clune
1191 753 1278 826 nolle,

125 867 190 908 enm
209 859 305 909 tumen
327 852 513 910 illustrissimi
534 852 672 926 principis
693 853 731 910 sit
752 852 892 921 voluntas,
914 861 947 911 nt
967 855 1062 913 omniu
1078 856 1141 927 jam
1163 854 1277 927 dentur,

123 972 190 1028 qnae
211 955 238 1013 d.
259 962 364 1028 patruo
386 956 421 1030 (si
443 957 479 1013 nd
500 954 604 1015 festum
625 955 743 1028 Georgii
756 957 899 1034 risisset)
916 957 978 1017 dori
999 958 1175 1018 debuissent.

204 1061 296 1118 Adest
316 1060 462 1126 cellerius.
485 1077 547 1118 cnm
568 1077 626 1134 qno
647 1061 708 1118 baec
726 1063 822 1119 omnia
835 1060 936 1121 confici
950 1072 1080 1136 possunt,
1102 1072 1278 1137 quapropter

122 1165 159 1222 t).
182 1165 214 1224 T.
236 1181 316 1237 rogo,
338 1171 370 1223 nt
391 1165 450 1222 baec
473 1183 523 1236 pro
545 1173 645 1224 nostru
664 1166 788 1224 amicitis
811 1167 948 1238 expedire
971 1167 1048 1226 velit.

544 1272 660 1330 Amicus
681 1278 710 1329 et
731 1273 856 1329 servitor

849 1375 1011 1434 lodovicus
1033 1377 1197 1448 tergenus.

665 1637 731 1692 232.

342 1759 492 1823 Aurelius
515 1756 640 1843 Verger
664 1782 706 1824 sn
729 1759 846 1846 herzog
870 1759 1056 1844 Christoph.

466 1888 616 1961 'itihingen
643 1893 676 1945 16
697 1889 825 1949 October
848 1893 931 1948 1565.

193 2007 289 2061 Dunlrt
307 2009 369 2062 dern
391 2008 494 2079 herzog
518 2009 562 2062 tor
585 2010 631 2064 die
649 2010 754 2065 seinem
772 2011 864 2065 obsim
884 2011 1033 2068 eruissene
1051 2012 1119 2079 gnte
1141 2010 1197 2063 sind
1216 2027 1274 2065 enr-

120 2101 221 2170 pliehlt
239 2103 301 2158 ἁοω
321 2104 425 2176 herzog
442 2105 502 2159 sich
523 2105 579 2158 nnd
598 2105 693 2160 seinen
714 2105 825 2162 bruder.

200 2199 396 2261 Illustrissime
417 2203 555 2278 Princeps
576 2212 606 2262 et
629 2205 750 2263 Domine
771 2206 894 2263 Domine
916 2205 1159 2264 clementissine!

198 2303 243 2361 Ex
264 2304 406 2364 Helvetiis
427 2321 560 2365 reversus
579 2307 675 2364 inveni
697 2307 844 2379 cnuqnum
873 2315 903 2366 et
928 2306 1124 2367 fidelissimum
1152 2310 1272 2366 servito·

119 2423 181 2465 reni
196 2407 401 2467 illustrissimos
419 2407 604 2467 celsitudinis
619 2408 729 2468 Vestrae
744 2409 839 2485 (bonae
852 2411 965 2471 scilicet
977 2412 1199 2487 reeordationis)
1221 2413 1271 2471 do·

119 2513 226 2571 minum
242 2513 412 2585 Vergeriunr
429 2515 497 2572 olim
513 2521 647 2587 pctrnnm
662 2531 757 2574 meum
777 2532 911 2588 magnum
931 2516 1017 2590 longe
1038 2516 1224 2575 esmssimnmf
1234 2517 1272 2575 cd

119 2632 241 2690 superos
261 2619 452 2689 concessisum
482 2627 512 2677 et
536 2636 707 2693 quemquern
736 2620 791 2678 boo
818 2620 860 2678 its
880 2621 995 2679 demum
1015 2619 1076 2679 iore
1097 2621 1272 2680 militantes

118 2723 226 2793 optime
248 2729 428 2795 perspectum
450 2731 527 2795 eret,
555 2742 613 2783 non
632 2728 714 2798 potui
734 2733 831 2784 umen
858 2743 914 2785 non
944 2727 1042 2799 ulique
1069 2727 1152 2785 modo
1183 2725 1270 2785 rebe·

119 2832 232 2884 menter
252 2826 364 2894 dolere,
382 2842 468 2899 quum
489 2827 542 2884 teli
563 2826 678 2887 bomine
700 2845 744 2886 me
765 2829 908 2901 priostum
928 2830 1089 2902 inventum,
1113 2829 1167 2889 sub
1187 2832 1270 2903 cnjus

119 2931 281 3002 petrocinio
302 2938 332 2989 et
353 2930 454 2990 umbra
474 2932 629 3004 pueritiam
642 2935 864 3006 etjnventutem
878 2951 970 2993 meum
984 2935 1126 3008 integrum
1144 2934 1269 2993 traduxi.

120 3033 227 3093 Verum
248 3036 362 3109 quondo
384 3052 419 3093 eo
440 3053 549 3094 mecum
570 3036 665 3096 animo
679 3046 791 3111 repeto,
812 3055 877 3111 qnoe
891 3039 1004 3110 illijutn
1018 3039 1167 3110 decrepita
1182 3044 1269 3097 ceute

119 3141 190 3211 viro,
211 3141 240 3197 in
261 3142 428 3212 gravissimo
450 3149 480 3199 et
500 3141 651 3199 incurabili
674 3142 773 3199 morbo
794 3118 958 3213 constituto,
980 3158 1064 3215 aequo
1082 3141 1176 3201 auimo
1197 3141 1270 3199 citra

116 3259 231 3302 omnem
250 3245 402 3303 humanum
424 3246 651 3304 consolationem
672 3263 725 3305 seu
749 3245 895 3318 1·oirigerii
916 3246 1040 3319 alicujus
1060 3251 1167 3304 certum
1189 3261 1269 3318 spem

116 3347 240 3408 terenda
265 3348 366 3420 luere,
398 3351 504 3421 optime
534 3353 588 3422 ipsi
615 3369 634 3410 a
663 3351 777 3410 domino
799 3352 861 3409 Deo
883 3357 981 3410 nostro
1002 3357 1185 3422 prospectum
1207 3366 1270 3408 esse

118 3452 210 3521 rideo,
234 3470 297 3512 cum
318 3461 482 3528 permutato
503 3455 555 3512 lnsc
569 3454 749 3514 miseriorum
767 3463 910 3514 tantorum
924 3454 998 3512 valle
1014 3453 1051 3511 ad
1062 3453 1270 3513 smoenissinios

116 3561 236 3613 aeternae
258 3555 445 3616 beatitudinis
473 3556 561 3615 colles
588 3557 666 3614 inter
694 3558 806 3616 coelites
834 3559 1045 3647 receptns'sit,
1072 3573 1124 3630 per
1155 3558 1269 3616 unicum

115 3661 251 3718 meritum
280 3660 439 3733 passionis,
471 3662 692 3721 resurrectionis
719 3670 749 3721 et
775 3663 812 3721 sd
840 3664 928 3722 coelos
954 3663 1130 3722 ascensionis
1160 3663 1268 3720 domini

116 3767 208 3822 nostri
229 3765 301 3824 Jesu
322 3766 447 3838 Christi,
480 3783 543 3840 qnae
568 3767 685 3839 quidem
715 3765 878 3827 firmissime
897 3766 969 3827 fides
998 3765 1077 3843 (post
1098 3765 1268 3824 beneficium

113 3869 222 3941 cgnitae
245 3869 389 3943 veritatis)
411 3871 452 3928 illi
475 3886 589 3942 semper
609 3869 673 3936 tuit,
694 3871 723 3929 in
744 3888 802 3944 qua
823 3872 885 3930 sols
905 3871 1108 3930 consolabatur
1128 3870 1157 3927 in
1178 3867 1268 3926 uillic-

112 3973 241 4033 tionibns
262 3978 330 4040 suis,
352 3975 471 4048 cupiens
491 3975 609 4034 dissolvi
630 3983 660 4034 et
681 3992 744 4035 esse
764 3994 829 4034 cnm
845 3977 968 4036 Gbristo.
1001 3976 1072 4033 Nam
1093 3989 1197 4034 revers
1217 3973 1269 4031 ills

113 4076 338 4137 resurrectionis
359 4077 517 4137 consolatio
537 4076 738 4153 (credentibus
758 4080 848 4154 serio)
875 4081 1000 4139 omnium
1020 4079 1217 4151 grsrnminum
1238 4087 1268 4136 et

69 4173 74 4199 ⁹
112 4183 304 4240 humansrum
336 4183 535 4255 miseriarum,
566 4184 808 4259 incommodorum
841 4185 1037 4257 malorumque
1063 4185 1194 4243 levamen
1223 4189 1268 4241 est

112 4287 291 4358 singulare..
307 4286 440 4357 solatium
462 4294 493 4346 et
513 4286 654 4347 fortitudo
676 4288 800 4359 potienti
820 4295 851 4347 et
871 4287 984 4347 invictov
999 4287 1095 4347 animo
1115 4287 1153 4347 ud
1173 4287 1269 4347 omnis
