2768 4740
655 531 701 587 60.

419 658 545 745 Verger
567 683 608 725 an
632 660 752 745 herzog
773 658 958 744 Christoph.

462 790 548 850 Wieu
569 793 606 849 29
618 789 659 866 (?)
679 790 811 848 Febrnar
834 793 917 849 1558.

181 912 247 966 Seiu
266 910 376 966 bericht
394 909 462 964 iiber
481 909 526 965 dic
547 910 694 980 poluische
714 909 942 981 eugelegenheit.

181 1007 328 1063 Gedruckt
345 1006 392 1060 bei
411 1005 518 1061 Settler
537 1007 584 1071 lv,
603 1006 669 1061 beil.
688 1007 730 1060 43.
750 1024 771 1061 s.
792 1007 842 1060 126
860 1006 889 1060 ff.

182 1102 311 1174 Origiual
330 1102 408 1157 nicht
430 1101 509 1156 mehr
527 1101 566 1155 im
587 1101 683 1157 archiv
703 1119 736 1155 cu
753 1101 856 1156 finden.

193 1201 388 1258 Illustrissime
410 1199 550 1273 Princeps
570 1206 600 1258 et
621 1199 742 1258 Domine
765 1198 1008 1257 clementissime!

194 1307 330 1377 Quamvis
351 1319 473 1377 sperem,
495 1320 540 1362 me
560 1304 638 1362 intra
658 1303 844 1376 quatriduum
865 1287 931 1362 hinc
952 1304 1154 1378 discessurum,
1175 1313 1209 1364 ut
1228 1307 1266 1364 ad

112 1409 371 1468 clennentissimau
393 1407 601 1468 Gelsitudiuem
623 1407 756 1466 Vestram
779 1409 908 1480 redeam,
931 1413 1024 1466 tamen
1046 1412 1192 1481 praemitto
1214 1413 1265 1469 has

114 1517 237 1574 litteras.
280 1515 373 1573 Causa
399 1521 462 1586 cst,
494 1515 561 1587 quia
588 1514 672 1572 terde
700 1514 828 1586 venium,
859 1531 945 1587 quum
970 1515 1030 1585 jam
1050 1516 1105 1572 vise
1129 1516 1266 1588 incipiunt

113 1619 198 1677 valde
220 1620 380 1679 deteriores
410 1635 489 1689 esse,
517 1635 603 1691 quum
630 1619 720 1676 vehar
746 1635 832 1676 curru
860 1624 890 1676 et
910 1635 995 1690 quum
1017 1626 1083 1677 utar
1102 1619 1266 1678 ualetudine

113 1741 216 1797 parum
248 1741 401 1797 prosperu3
435 1723 594 1782 cousultmn
615 1729 710 1781 autem
733 1723 910 1789 existimavi,
942 1730 975 1781 ut
995 1722 1143 1782 Celsitudo
1164 1724 1268 1782 Vestra

117 1830 271 1901 intelligat,
295 1828 365 1902 quid
384 1828 431 1886 hie
451 1827 568 1885 fecerim
590 1834 620 1887 et
640 1845 697 1900 quo
718 1828 747 1884 in
768 1833 846 1885 statu
862 1826 900 1886 sit
915 1829 1061 1899 negotium
1072 1829 1239 1886 Polouicum
1248 1828 1265 1900 ¹,

116 1940 238 2006 propter
259 1933 336 2006 quod
357 1932 412 1991 huc
433 1934 507 2001 veui,
529 1933 553 1989 si
575 1931 648 1990 forte
669 1932 794 1990 voluerit
815 1931 886 1989 iilud
899 1933 1109 1990 communicare
1124 1931 1267 2005 aliquibus

117 2056 152 2095 ex
173 2037 360 2125 principibus,
381 2038 429 2109 qui
450 2035 724 2095 suntFraucfordisc
745 2043 776 2095 ct
795 2036 903 2111 aliquid
925 2035 1081 2108 superinde
1103 2034 1267 2094 deliberare

116 2148 147 2198 et
168 2148 308 2200 statuere.

197 2247 256 2305 Res
276 2263 347 2318 ergo
368 2247 410 2304 sic
431 2245 526 2304 habet.
565 2245 669 2303 Vestra
696 2243 844 2303 Celsitudo
872 2243 1032 2303 discedenti
1056 2244 1125 2302 mihi
1146 2244 1268 2314 dixerat,

118 2351 198 2423 quod
217 2352 377 2410 consultum
399 2352 455 2410 sibi
476 2352 566 2409 risum
587 2348 697 2420 fuisset,
719 2352 743 2408 si
760 2348 1112 2408 serenissimusBoiremiae
1128 2364 1178 2406 rex
1198 2349 1268 2406 mihi

119 2457 245 2528 aliquem
266 2473 301 2513 ex
323 2455 382 2513 suis
403 2455 583 2527 adjunxisset
604 2462 692 2527 atque
713 2455 743 2512 iu
764 2455 913 2512 Polouiam
935 2453 1072 2524 misisset,
1099 2459 1131 2510 ut
1156 2453 1269 2510 scilicet

118 2560 302 2619 serenissimo
323 2561 385 2631 regi
407 2567 437 2619 et
459 2560 579 2633 reliquis
599 2560 772 2632 primoribus
791 2558 1047 2632 persuaderemus,
1073 2572 1109 2614 uc
1129 2556 1269 2628 adjunge-

119 2672 185 2722 rent
206 2682 237 2723 se
259 2664 450 2735 Zwiugiiauis,
473 2681 491 2721 a
512 2663 614 2737 quibus
634 2663 840 2734 sollicitantur,
861 2661 913 2721 sed
934 2665 1096 2720 constantes
1118 2665 1269 2719 manerent

119 2769 147 2826 iu
169 2767 348 2828 confessione
364 2766 578 2840 Veldcusium²,
600 2784 685 2841 quam
700 2773 896 2841 susceperuut,
918 2772 1018 2839 utpote
1040 2763 1179 2823 conformi
1201 2781 1268 2823 eon·

119 2871 239 2932 sessioni
260 2875 449 2945 Augustanus.
490 2872 557 2930 Dixi
589 2890 660 2945 ergo
690 2874 743 2932 hoc
763 2873 897 2931 Vestrum
921 2872 1060 2944 judicium
1088 2877 1176 2945 atque
1202 2887 1269 2928 cou-

119 2977 215 3034 siiium
237 2979 300 3051 ejus
320 2978 470 3037 serenitati
492 2978 594 3048 regine.
635 2977 709 3035 Nam
730 2978 799 3035 licet
819 2976 871 3033 sim
892 2992 949 3033 uon
972 2975 1056 3033 modo
1084 2991 1188 3046 senex,
1219 2991 1268 3033 ue·

121 3097 184 3137 rum
207 3081 294 3139 etium
315 3089 450 3155 egrotus,
471 3098 528 3140 non
550 3098 727 3141 recusassem
747 3082 843 3138 subire
865 3080 951 3137 talem
972 3079 1100 3137 laborem
1113 3096 1165 3152 pro
1179 3081 1272 3151 glorie

121 3186 176 3242 Dei
188 3192 277 3259 atque
289 3195 320 3246 nt
332 3187 503 3246 Celsitndiui
515 3188 636 3258 Vestrae,
658 3188 773 3245 domino
786 3201 849 3242 mec
863 3183 1094 3255 clementissimo,
1115 3184 1271 3242 obedirem.

122 3289 229 3346 Verum
252 3308 303 3348 suc
323 3294 404 3365 regia
425 3292 566 3352 serenitas
587 3308 674 3365 quum
696 3290 804 3362 negotii
826 3289 1053 3360 magnitudinem
1072 3306 1124 3362 pro
1140 3304 1191 3347 sna
1207 3305 1271 3360 pro-

121 3394 197 3453 iecto
219 3412 330 3454 summa
350 3398 458 3469 iugeuii
480 3397 659 3471 perspicacia
679 3394 931 3454 animaduertisset
959 3400 1046 3467 etque
1073 3395 1273 3466 perpendisset

693 3517 708 3551 *

194 3610 255 3665 lS.
275 3612 315 3667 br.
337 3629 365 3665 ιι.
384 3611 425 3665 58.
445 3610 486 3663 59.
505 3611 547 3665 72.
570 3610 612 3664 73.

192 3695 254 3750 28.
280 3696 321 3750 br.
340 3696 382 3749 56.
419 3693 470 3749 Die
497 3695 652 3750 confession
679 3695 759 3750 hatte
785 3695 860 3749 nach
886 3694 955 3748 form
982 3691 1040 3746 uud
1065 3691 1159 3746 iuhelt
1185 3690 1273 3759 gretie

124 3780 364 3837 verwuudtschait
389 3779 443 3834 mii
468 3781 517 3837 der
536 3783 720 3851 Augusteum
748 3782 882 3851 dbrigeus
907 3797 964 3834 wsr
988 3778 1064 3832 dicae
1092 3777 1274 3832 »Weldeuser

124 3868 296 3925 confession«
316 3868 362 3924 uie
386 3886 441 3924 von
461 3869 538 3924 allen
562 3868 785 3940 Evangelischeu
804 3868 904 3922 Peleus
923 3881 1127 3936 engeuommen
1146 3863 1273 3926 sordem

124 3974 174 4010 nur
186 3956 233 4011 die
246 3955 449 4011 Reformierten
466 3955 648 4025 Kleinpoleus
659 3955 759 4009 hetteu
777 3952 817 4008 sie
831 3952 894 4007 eiue
908 3951 962 4006 zeit
973 3951 1042 4020 lang
1060 3966 1273 4021 eugeuommeu,

125 4044 193 4096 eber
212 4041 281 4096 bald
299 4043 403 4098 wieder
416 4040 583 4106 vermeriam
601 4059 622 4095 s.
635 4039 781 4103 Kouiechi,
799 4039 960 4110 geschichte
978 4039 1028 4093 der
1046 4036 1227 4092 reformatiou
1245 4036 1275 4090 in

126 4129 219 4194 Peleu,
240 4131 300 4186 101.
337 4130 459 4199 Vergers
477 4127 591 4183 wuusch
611 4145 683 4192 wer,
709 4125 766 4180 dass
793 4127 833 4181 sie
857 4126 898 4180 ele
922 4124 1120 4197 gemeiusemee
1140 4122 1275 4178 bekannt·

126 4216 174 4270 nid
193 4234 249 4272 von
268 4217 345 4273 allen
363 4215 585 4287 Evangelischen
611 4230 817 4284 augenommeu
836 4213 947 4278 wdrde,
972 4211 1028 4266 uud
1046 4210 1142 4266 diesen
1162 4212 1275 4266 wuusch

126 4303 204 4358 stelit
222 4321 253 4360 er
271 4303 316 4360 als
334 4303 443 4358 irdhere
462 4303 612 4358 thatsaehe
631 4303 689 4356 dur.

179 4409 272 4460 verger
1034 4397 1064 4449 ll
