2768 4740
123 249 192 304 18ῑῦ
681 253 720 310 79

122 421 323 498 discrepante)
343 421 398 480 init
428 429 561 494 recepta,
592 418 767 477 cardinalem
790 433 858 476 vero
878 416 1001 477 Polum¹
1023 419 1156 491 populum
1178 416 1294 489 absol-⁴

123 523 196 582 uisse
218 541 236 580 a
256 524 343 597 eulpa
363 534 393 581 et
413 542 430 581 a
450 539 543 595 poena,
565 520 812 596 quasialiquando
826 520 979 579 haereticus
996 521 1092 593 inerit,
1115 530 1144 580 et.
1165 520 1271 581 iactum

124 645 188 688 esse
208 627 456 701 arehiepiscopum
478 625 726 684 Cantauriensem.
769 624 907 684 Dominus
929 625 1185 695 confundatum,
1207 643 1271 685 nam
1345 604 1352 623 ’

127 741 230 790 eontra
248 731 454 791 conscientiam
476 730 534 790 illie
555 729 623 803 agit,
645 729 779 803 quiequid
800 729 869 802 agit.

198 835 251 893 Ait
266 844 420 908 praterea,
442 835 555 893 uuienm
572 843 682 893 restare
703 835 875 906 scrupulum,
898 835 973 906 quod
995 836 1101 893 attinet
1121 835 1158 893 ad
1179 835 1271 908 ipsnm

119 941 384 1014 Angliaeregnum3
406 958 470 997 narn
491 939 551 996 sere
574 939 673 997 decern
694 938 783 996 millia
804 937 950 997 bominum
971 938 1159 1012 profugerant
1181 957 1216 998 ex
1229 941 1272 997 iu·

121 1044 223 1102 feriori
244 1044 400 1104 Germania
420 1051 450 1101 et
469 1043 586 1103 aliunde
607 1051 727 1115 propter
748 1042 928 1115 evurrgelium
950 1042 978 1100 in
992 1041 1132 1116 angliam,
1154 1050 1184 1101 et
1205 1043 1272 1118 quia

120 1149 150 1206 hi
172 1165 230 1206 nun
252 1146 367 1219 babent,
389 1163 486 1221 quoso
503 1145 656 1219 recipiunt,
679 1154 709 1204 et
721 1147 886 1205 consentire
902 1146 1019 1217 papatui
1037 1147 1147 1214 nolunt,
1169 1151 1270 1206 timen-

120 1253 248 1324 dumque
270 1260 323 1322 est,
346 1269 381 1310 ue
402 1252 430 1310 bi
452 1250 598 1309 concitent
618 1267 722 1309 norum
743 1257 859 1309 motum.

198 1356 227 1413 is
249 1372 329 1413 meus
350 1358 456 1413 amiens
486 1357 599 1425 tegerus
627 1354 741 1413 ridetur
768 1356 889 1413 muitum
919 1356 1022 1414 timere
1049 1373 1067 1413 a
1092 1357 1203 1423 Torua,
1235 1375 1270 1415 ne

119 1459 230 1518 scilieet
252 1461 401 1518 bocauna
422 1467 503 1518 terra
524 1460 654 1533 marique
675 1457 825 1518 adoriatur
845 1457 1037 1527 Christianos,
1058 1461 1126 1534 quin
1148 1461 1189 1519 ait
1210 1461 1271 1521 Cae-

119 1581 213 1623 sarem
235 1563 374 1623 etiamid
396 1562 552 1621 formidare
573 1571 604 1619 et
624 1579 750 1634 sperare,
772 1562 954 1622 Germaniam
973 1565 1152 1636 iuvaturam,
1175 1572 1208 1622 ut
1229 1564 1271 1622 illi

120 1666 286 1726 resistatur.

200 1772 354 1830 Postremo
375 1787 439 1828 eum
460 1788 504 1828 me
525 1778 652 1844 rugaret,
673 1776 706 1826 ut
719 1770 882 1843 ubieunque
898 1786 991 1828 essem
1004 1769 1129 1843 tuturus
1150 1790 1272 1832 conarer

118 1875 299 1947 persuadere
320 1873 367 1932 hie
381 1874 410 1932 in
423 1874 586 1945 Germania,
607 1875 634 1932 d.
650 1876 778 1933 Venetos
799 1873 882 1932 valde
902 1890 999 1932 amare
1021 1874 1095 1934 bane
1116 1876 1270 1948 nationem,

117 1986 147 2040 et
168 1994 278 2051 cupere
300 1985 469 2052 perpetuam
490 1977 670 2037 coneordium
692 1995 754 2036 eum
777 1994 812 2036 ea
831 1993 958 2049 serrare,
978 1979 1124 2050 respondi,
1146 1997 1191 2038 me
1213 1998 1269 2040 non

120 2082 297 2155 defuturum,
319 2083 599 2159 (quantuluscunque
620 2083 686 2158 sim)
703 2085 754 2142 sed
770 2085 889 2155 bertari,
911 2092 943 2142 ut
967 2083 1082 2143 interim
1107 2084 1271 2144 abstineant

118 2190 360 2260 aperseentione
388 2194 488 2246 eontra
515 2186 708 2259 Cirristiauos3
736 2204 801 2246 nam
828 2189 881 2246 hac
905 2186 952 2244 uia
979 2187 1189 2247 conservabunt
1215 2188 1271 2246 sibi

119 2291 353 2350 benevolentiam
374 2293 513 2351 bonorum
534 2291 693 2365 principum
717 2301 746 2351 et
761 2293 816 2350 Dei
833 2292 935 2362 etiam3
958 2301 988 2350 et
1002 2292 1143 2366 promisit,
1164 2309 1195 2351 se
1217 2291 1271 2350 hoe

118 2397 149 2454 in
169 2403 274 2454 senatu
296 2394 538 2455 renuntiaturum.

150 2574 154 2580 ι
197 2500 292 2572 Quum
315 2516 406 2558 essem
427 2499 464 2558 ab
492 2515 527 2556 eo
552 2514 738 2566 recessurus,
770 2506 800 2557 et
827 2498 875 2558 ille
902 2517 946 2556 me
973 2499 1168 2558 amantissime
1193 2517 1268 2558 oom-

118 2604 298 2676 pleeteretur
318 2603 500 2676 diceretque,
521 2620 552 2661 se
574 2603 611 2676 (si
633 2620 688 2660 non
709 2602 831 2674 amptius
851 2601 880 2660 in
901 2605 955 2662 boo
975 2603 1094 2677 mundo)
1116 2603 1217 2661 saltem
1239 2604 1268 2661 in

119 2707 255 2781 paradiso
276 2723 321 2765 me
344 2707 479 2778 uisurum,
499 2706 650 2780 respondi:
694 2705 825 2779 Utinam,
855 2714 923 2778 opto
944 2706 1019 2766 enim
1041 2716 1118 2766 tuam
1139 2709 1269 2781 salutem,

117 2811 141 2870 si
162 2810 305 2886 quispiam
326 2812 415 2882 alius;
436 2811 487 2869 sed
508 2811 628 2884 aitirmo,
650 2812 724 2884 quod
752 2809 807 2869 nisi
833 2809 887 2869 tibi
908 2812 1048 2870 Dominus
1075 2810 1164 2871 fitium
1185 2830 1267 2869 suurn

118 2915 284 2976 manifestet
305 2923 335 2975 et
355 2923 476 2974 renovet
496 2933 546 2974 eor
566 2914 669 2988 spiritu
690 2931 751 2987 suo,
773 2914 801 2973 in
823 2916 926 2974 eaelum
947 2915 1011 2992 (ubi
1032 2923 1129 2975 certus
1149 2933 1268 2974 suntme

118 3021 316 3094 assensurum)
339 3037 395 3078 non
416 3019 569 3092 aseendes;
591 3021 640 3078 sed
663 3036 722 3091 ora,
743 3026 777 3078 ut
798 3019 851 3078 tibi
870 3019 1087 3090 manifestetur,
1110 3028 1140 3079 et
1160 3020 1268 3093 rogabo

118 3140 170 3195 ego
193 3123 281 3182 etiarn
302 3121 427 3181 assidue.
459 3124 555 3196 Atque
571 3121 612 3181 ita
626 3123 745 3181 invicem
761 3122 953 3196 discessimus,
976 3124 1027 3182 sed
1048 3123 1166 3183 onerari
1188 3124 1267 3183 ilium

116 3226 207 3300 libris,
229 3226 371 3301 imprimis
392 3225 461 3285 dedi
481 3226 688 3287 confessionem
711 3227 779 3287 tidei
802 3227 988 3288 celsitudinis
1012 3230 1120 3288 Vestra
1142 3237 1171 3289 et
1193 3247 1268 3288 eorn-

118 3332 252 3390 mendari
273 3351 338 3392 enm
362 3331 494 3392 Domino.

195 3436 337 3511 Tubingae
357 3439 446 3510 pestis
467 3436 576 3510 inoepit
595 3435 740 3508 progredi,
763 3452 850 3509 quare
864 3453 927 3508 qum
942 3435 1001 3494 illie
1022 3438 1129 3496 nullam
1149 3440 1269 3499 babeam

117 3543 307 3618 vocationem,
330 3561 393 3619 ‹quae
415 3560 457 3600 ure
479 3548 562 3615 cogat
583 3541 623 3598 ibi
644 3558 759 3599 manere
781 3545 809 3599 iu
831 3541 969 3614 periculo,
991 3542 1143 3602 subsistam
1160 3543 1271 3617 bieper

116 3648 228 3720 aliquot
251 3648 328 3718 dies,
358 3656 388 3704 et
415 3645 562 3706 adornabo
583 3644 730 3719 negotium
758 3645 947 3705 detersione
974 3646 1004 3704 in
1033 3647 1158 3721 liugnam
1179 3647 1269 3706 Slari·

116 3769 176 3810 carn
190 3752 216 3822 ²,
251 3751 315 3810 Deo
339 3753 460 3824 juvante
489 3758 518 3809 et
545 3750 666 3809 caritate
694 3758 725 3809 et
752 3751 904 3809 clementia
933 3751 1042 3810 t'estrae
1072 3750 1268 3811 Celsitudinis.

182 3999 424 4141 {305}ssAE
440 4087 591 4156 aeitpunirt
617 4105 652 4141 an
680 4087 801 4156 beginnt
821 4087 939 4157 Vergers
964 4086 1120 4154 thtttiglreit
1148 4086 1192 4138 bei
1219 4085 1268 4138 der

116 4174 306 4241 ubersetzung
325 4172 376 4227 der
394 4173 471 4228 bibel
495 4176 524 4227 in
550 4174 596 4228 die
621 4174 809 4230 addelavisohe
829 4174 1011 4244 (elorenische
1029 4171 1085 4231 und
1105 4170 1267 4241 uindisehe)

114 4260 240 4328 rpruche.
282 4258 345 4331 vgt
366 4259 406 4313 br.
427 4278 453 4314 n.
477 4262 514 4315 rt.
