2768 4740
123 268 190 324 155⁵
676 275 718 335 87

197 441 315 501 Marcus
333 443 475 503 Antonius
495 443 646 502 Tririsano
661 443 715 502 Dei
737 441 832 514 gratia
847 441 905 499 dux
920 441 1095 500 Venetorum
1116 448 1172 500 etr.
1201 442 1270 499 lllu·

120 545 259 604 strirsimo
275 543 698 617 DomichbristcpboroDuel
710 541 959 616 Wirteubergeusi
980 548 1035 604 etc.
1056 547 1148 605 amico
1170 551 1268 605 nostro

119 651 264 709 carissimo
285 648 407 706 salutem
429 653 459 707 et
479 649 600 708 sincerus
620 647 782 706 dilectionis
802 646 948 706 affectum.

196 753 325 812 Litteras
340 753 526 811 Excellentiae
540 753 654 812 Vestra
676 753 775 811 altimo
796 751 844 810 die
865 751 936 811 latii
956 753 1079 826 scriptas
1098 756 1268 826 recepimus,

120 859 222 933 quibus
242 856 325 916 nobis
346 865 377 916 et
397 856 531 930 adeptam
551 859 729 932 principatus
751 857 921 930 dignitatem
946 859 1125 932 gratulatur,
1151 866 1182 917 et
1206 877 1267 918 eam

118 962 208 1036 ipsam
227 961 306 1019 llens
327 961 452 1033 optimus
474 962 612 1019 maximus
632 959 714 1018 nobis
734 966 765 1018 et
784 958 952 1031 reipublieae
971 968 1005 1019 ut
1023 960 1153 1023 fortunet
1173 963 1270 1022 verbis

119 1064 323 1123 amantissimis
344 1072 374 1123 et
394 1064 558 1124 honorificis
578 1072 723 1137 precatur.
764 1064 944 1138 Denrnmque
973 1067 1059 1138 petit,
1075 1075 1122 1125 at
1148 1066 1267 1125 tratrem

121 1170 241 1229 Baidnut
271 1188 287 1229 e
319 1186 436 1228 carcere
468 1170 602 1228 eductum
634 1170 819 1228 dimittamus.
872 1167 961 1227 Nobis
992 1186 1060 1229 vero
1082 1171 1269 1231 Excellenlire

124 1277 245 1348 Vestras,
267 1276 405 1348 principis
425 1283 525 1334 mutua
545 1293 608 1334 cum
629 1274 777 1348 republica
798 1279 897 1332 nostra
912 1274 1115 1334 benevolentia
1134 1275 1190 1334 iam
1211 1276 1269 1348 pri-

119 1381 184 1439 dem
206 1380 442 1453 cenjunctissimi‚
470 1386 500 1438 et
520 1377 675 1450 gratulatio
700 1379 862 1450 gratissima
888 1375 943 1436 init
970 1384 1000 1437 et
1026 1380 1151 1450 animus,
1184 1396 1269 1453 quem

122 1485 193 1557 ipsis
213 1484 319 1543 litteris
340 1483 468 1543 ostendit
488 1485 517 1541 in
540 1499 605 1553 nos,
637 1482 757 1540 maxime
786 1497 954 1554 propensus.
996 1484 1097 1557 ltaque
1125 1481 1211 1541 tacite
1237 1483 1267 1541 in

120 1589 244 1662 gratiam
256 1589 369 1648 Vestrae
379 1588 568 1647 Excellentiae
589 1603 624 1644 ea
644 1572 739 1645 omnia
759 1585 855 1647 facere
870 1586 899 1644 iu
915 1587 1041 1646 uniamur
1056 1586 1268 1660 induceremus,

123 1711 226 1767 qnaea
258 1694 341 1753 nobis
368 1693 518 1767 proficisci.
559 1692 616 1750 Sed
647 1707 710 1750 cum
739 1694 763 1749 is
791 1691 911 1750 balaam
938 1692 1078 1750 minorum
1106 1692 1267 1751 coenobium

122 1799 220 1858 multis
241 1798 345 1858 abhinc
365 1799 446 1857 antris
466 1799 628 1870 ingressus,
657 1802 686 1854 et
711 1802 846 1870 mnqnum
873 1796 948 1855 male
976 1796 1012 1853 de
1039 1795 1179 1867 religione
1204 1813 1269 1855 sen-

97 1892 101 1903 ’
121 1902 206 1974 tiens,
228 1909 387 1973 accusatus,
408 1903 437 1960 in
459 1917 603 1960 carcerem
624 1902 662 1958 sit
683 1901 829 1958 coniectus
843 1899 880 1958 ab
895 1901 938 1970 iis,
961 1902 1009 1972 qui
1023 1900 1268 1973 talibnsprsesnnt

121 2006 284 2065 hominibus
310 2023 344 2064 ac
372 2008 435 2079 ejus
454 2007 570 2078 generis
590 2019 690 2064 causas
712 2004 890 2075 disceptant,
920 2008 1049 2062 nostrum
1073 2004 1189 2063 omnino
1210 2021 1266 2063 non

118 2116 172 2179 est,
195 2127 296 2169 eorum
318 2111 464 2169 decretum
485 2109 582 2183 aliqua
602 2127 638 2168 ex
657 2114 740 2182 parta
761 2107 922 2166 immutare.
958 2107 1041 2178 Quod
1062 2109 1086 2165 si
1108 2124 1165 2180 qua
1184 2108 1267 2166 nobis

118 2214 176 2272 alia
196 2212 296 2271 oblata
315 2211 404 2271 luerit
424 2210 547 2282 occasio,
569 2213 597 2269 in
618 2227 676 2285 qua
696 2209 883 2269 Excellentiae
903 2210 1015 2270 Vestrae
1036 2229 1144 2271 morem
1164 2228 1267 2287 gerere

118 2319 266 2390 possimus,
289 2317 359 2374 nihil
382 2316 463 2374 nobis
483 2315 630 2390 antiquius
644 2317 709 2387 erit,
731 2331 814 2389 quam
831 2321 864 2374 ut
878 2317 1029 2376 maximam
1045 2319 1161 2392 quidem
1178 2324 1267 2387 certe,

118 2438 173 2496 qua
193 2421 394 2479 illustrissimae
410 2420 619 2479 Dominatiouis
635 2421 744 2480 Vestrae
763 2422 962 2494 prosequimur
978 2422 1225 2494 benevolentiam,
1238 2422 1267 2482 ei

119 2525 313 2597 ostendamus,
336 2525 574 2598 quemadmodum
587 2524 776 2584 Excellentiae
789 2525 901 2584 Vestrae
917 2527 980 2599 ejus
1001 2525 1127 2598 nuntius,
1148 2526 1193 2586 cui
1206 2526 1267 2585 banc

119 2633 213 2691 omnia
234 2647 331 2690 coram
352 2630 545 2704 exposuimus,
566 2630 684 2689 uberius
705 2628 867 2703 explicabit.
899 2630 982 2690 Datae
1003 2631 1032 2687 in
1052 2635 1153 2689 nostro
1173 2630 1266 2691 ducali

117 2737 233 2810 palatio,
254 2737 303 2796 die
325 2737 407 2795 v1111
427 2735 616 2810 Septembris,
637 2735 793 2794 indictione
813 2735 872 2794 XII
892 2734 1029 2793 MDLlII.

659 3010 728 3071 1711.

380 3143 520 3232 Vergers
543 3126 780 3230 bemarkungen
802 3167 841 3208 au
864 3167 895 3210 u.
924 3152 960 3209 17
974 3167 1000 3210 c.

623 3258 759 3316 Primum.

192 3360 288 3418 Homo
309 3360 504 3432 pientissimus
524 3368 583 3430 est,
612 3364 660 3436 qui
681 3364 709 3421 in
732 3361 896 3421 carceribus
919 3361 1067 3421 detinetur
1086 3361 1194 3419 Baldus
1214 3377 1265 3420 no·

114 3466 206 3539 mine3
238 3467 337 3525 asnis
361 3466 506 3524 monachis
532 3467 641 3526 invidia
670 3485 704 3526 ac
728 3468 910 3527 aemulatione
937 3471 1100 3538 accusatas,
1131 3465 1209 3540 quod
1234 3466 1265 3524 iu

113 3569 301 3630 concionibus
321 3570 478 3630 hereticam
500 3571 661 3631 doctrinam
682 3572 853 3645 predicavit,
875 3589 938 3631 cum
959 3570 1140 3644 evangelium
1157 3569 1264 3642 ipsissi-

113 3691 189 3750 mum
211 3690 326 3748 semper
343 3670 525 3732 'auditoribus
546 3675 744 3749 pr·oposnerit;
766 3691 857 3735 anuos
875 3676 934 3748 jam
959 3677 994 3734 15
1016 3675 1045 3733 in
1056 3662 1265 3734 obscurissimis

112 3777 278 3838 carceribus
299 3778 461 3847 detinetur,
490 3778 600 3836 calculo
621 3777 781 3837 miserrime
803 3780 961 3850 cruciatus;
991 3777 1016 3837 si
1042 3778 1193 3836 raritatem
1213 3773 1264 3832 ab·

113 3899 221 3957 negare
244 3882 396 3954 voluisset,
421 3884 481 3955 jam
506 3888 594 3941 antea
621 3880 724 3941 inisset
751 3883 908 3955 liberatas,
934 3889 966 3942 at
986 3885 1048 3954 ipse
1068 3882 1099 3939 in
1119 3878 1265 3947 sententia

110 3986 345 4049 constantissima
365 3992 541 4060 perseverat.
737 3965 740 3972 ¹

606 4091 777 4150 Secundum.

192 4197 277 4271 Quod
299 4195 358 4255 dux
378 4197 407 4264 in
429 4214 481 4256 sua
500 4199 688 4271 responsione
709 4197 817 4268 scribit,
839 4194 875 4253 ad
891 4209 923 4253 se
944 4191 1090 4265 negotium
1111 4189 1184 4248 illud
1205 4204 1261 4248 nou

111 4303 271 4375 pertinere,
293 4299 477 4361 falsissimam
498 4304 557 4372 est;
584 4317 649 4359 uam
670 4315 756 4360 caasa
775 4305 837 4358 tota
856 4297 1005 4378 religionis
1024 4293 1063 4358 ad
1083 4295 1185 4362 dacem
1205 4294 1263 4355 Va·
