2768 4740
89 258 157 316 leae
631 265 695 327 45⁷

86 452 154 496 rere
180 435 297 510 aliquod
319 437 387 508 jus.
419 437 487 510 quis
513 436 623 496 nullum
648 437 728 496 aliud
753 435 850 496 babet
890 437 975 507 lam,
1006 451 1043 496 ne
1069 435 1111 495 iili
1137 436 1237 497 miseri

88 549 267 602 marcescant
287 548 319 602 et
336 543 497 602 moriuntur
517 542 546 601 in
567 543 619 601 illo
640 542 775 617 squalore
796 549 826 600 et
847 539 962 600 miseria
983 557 1142 610 carcerum,
1170 557 1237 601 eou-

90 646 259 718 stituerunt,
280 646 356 705 velle
376 646 446 706 dare
467 664 524 705 nna
545 663 610 705 eum
631 645 770 706 fratribus
789 646 849 704 suis
869 645 958 719 regiae
969 644 1118 718 Majestati
1139 645 1238 721 quale·

85 764 208 824 eumque
225 749 365 822 seriptum
379 748 515 821 postulat,
538 755 624 821 atque
646 746 700 807 boe
720 749 815 807 medio
837 748 969 809 obtinere
983 748 1185 810 liberationem
1199 750 1238 827 (si

85 853 172 914 modo
192 853 286 913 adbuc
305 859 443 926 poterunt
463 853 620 932 obtinere).
661 853 694 912 ln
722 870 779 927 quo
808 853 925 927 quidem
945 856 1063 929 negotio
1083 855 1237 928 plurimum

85 964 205 1032 possent
221 960 318 1032 juvari
339 977 357 1018 a
377 974 520 1032 generoso
542 959 657 1018 domiuo
677 958 810 1018 iohanne
831 957 954 1032 ngund
971 959 994 1028 ¹,
1021 960 1070 1034 qui
1091 960 1156 1019 illos
1176 976 1237 1019 ser·

86 1070 135 1122 vat
154 1065 184 1123 iu
204 1080 272 1140 uua,
287 1065 380 1132 turri,
411 1081 476 1139 quse
502 1071 547 1123 est
573 1063 603 1122 iu
633 1064 756 1139 quodam
776 1070 871 1124 rastro
893 1068 994 1124 vocato
1015 1064 1099 1124 Grau.
1140 1065 1237 1137 Quare

86 1173 256 1229 reverenter
276 1169 405 1241 supplico
427 1169 600 1228 Celsitudini
622 1169 747 1241 vestrm,
780 1174 813 1226 ut
838 1185 891 1240 pro
912 1186 964 1229 sua
983 1170 1107 1228 maxima
1126 1170 1237 1243 pietate

86 1291 121 1334 ae
140 1275 262 1334 cantate
283 1275 419 1348 dignetur
446 1291 584 1347 persnas
605 1275 718 1334 litteras
739 1291 789 1334 eos
810 1274 1012 1333 commendare
1032 1273 1074 1331 illi
1095 1290 1237 1347 generoso

86 1377 203 1438 domino
224 1378 346 1452 Uognad
367 1386 398 1437 et
417 1386 527 1452 petere,
550 1387 581 1438 ut
607 1396 784 1454 quacumque
806 1381 835 1437 iu
863 1396 895 1438 re
921 1380 988 1438 illos
1016 1380 1107 1452 possit
1123 1381 1236 1452 juvare,

87 1485 157 1543 velit
177 1485 205 1542 in
227 1483 358 1543 Vestram
379 1485 502 1558 gratiam
520 1487 632 1558 juvare,
656 1502 759 1544 nomen
780 1501 878 1544 eorum
901 1491 946 1544 est
964 1485 1059 1544 Julius
1080 1491 1110 1543 et
1130 1484 1237 1543 Darius

86 1586 233 1658 (isnardi,
254 1587 306 1647 filii
326 1589 431 1648 nobilis
452 1591 505 1648 viri
527 1590 670 1664 quondam
691 1590 796 1649 domini
819 1590 917 1649 Sancti
937 1591 1032 1664 patria
1051 1590 1236 1664 Justiuopoli-

88 1695 158 1752 tani.
198 1693 262 1752 Non
285 1693 399 1763 dubito,
431 1697 498 1770 quin
520 1697 604 1756 valde
625 1695 784 1769 profuturae
811 1697 869 1755 sint
894 1697 952 1755 illis
979 1696 1090 1754 miseris
1117 1694 1238 1768 captivis

85 1798 162 1856 tales
182 1797 289 1857 litterae
310 1798 498 1858 celsitudinis
515 1802 635 1860 vestre.
666 1803 699 1860 lu
721 1801 824 1876 quibus
846 1803 933 1860 etiam
954 1806 1053 1873 posset
1072 1799 1136 1858 fieri
1157 1817 1236 1859 men-

86 1903 145 1974 tio,
178 1903 254 1975 quod
276 1921 329 1977 ego
358 1904 533 1964 ostenderim
560 1906 654 1965 eidem
676 1905 848 1966 Gelsitndini
868 1906 980 1965 Vestra
1004 1906 1117 1965 litteras
1146 1903 1237 1977 ipsius

66 2006 196 2074 ¹domiui
217 2009 359 2068 lobannis
379 2009 517 2084 Unguad,
545 2012 594 2086 qui
613 2029 644 2070 se
665 2017 723 2071 taur
744 2017 914 2070 reverenter
934 2016 965 2069 et
984 2015 1065 2069 tanto
1086 2008 1174 2068 animi
1194 2006 1235 2067 al·

85 2111 164 2172 fectu
185 2115 396 2175 commendavit
416 2132 525 2191 suaque
546 2117 684 2191 obsequia
704 2115 818 2175 obtolit.
859 2115 962 2174 Exstat
983 2113 1091 2174 diserte
1111 2129 1237 2186 precep-

85 2222 147 2274 tum
163 2210 269 2296 Christi
290 2218 327 2277 de
347 2217 519 2292 adjnvaudis
540 2219 661 2294 enpbvis
682 2220 803 2279 maxime
825 2218 1034 2278 innocentibus.
1066 2221 1162 2293 Quare
1182 2218 1236 2277 ite·

84 2338 148 2380 rum
169 2324 300 2396 supplico
321 2342 373 2397 per·
393 2325 492 2394 lesum
514 2324 667 2398 Christum,
688 2332 720 2384 ut
741 2324 890 2384 Celsitudo
911 2327 1016 2384 Vestra
1035 2342 1092 2384 nou
1112 2324 1239 2398 deneget

86 2426 169 2486 nobis
190 2428 382 2503 patrocinium
403 2446 495 2489 suum.

354 2535 467 2594 vestre
490 2534 679 2595 celsitudinis
700 2533 970 2594 observantissimus

989 2639 1157 2711 Vergerins.

629 2904 696 2961 240.

382 3004 508 3118 Verger
531 3056 573 3097 an
597 3032 719 3119 herzog
744 3032 932 3122 Christopb.

491 3219 492 3222 ,
579 3166 648 3224 Sine
668 3165 745 3225 dato.

361 3265 428 3321 mun
450 3266 494 3321 ins
509 3267 575 3336 jabr
596 3269 663 3323 1559
684 3267 780 3332 fallen,
801 3286 821 3321 s.
840 3286 867 3322 ιι.
886 3267 920 3323 85
939 3267 967 3321 u.

157 3381 249 3437 uiaret
274 3400 319 3436 um
346 3381 391 3437 die
416 3383 651 3454 runbekaenduug
678 3383 754 3439 eines
783 3382 886 3439 bnehes
912 3381 969 3437 und
997 3401 1042 3436 um
1074 3383 1238 3451 anweisung

84 3475 165 3532 einer
184 3494 274 3534 neuen
292 3479 443 3550 wobnung.

164 3575 359 3635 Illustrissime
380 3576 518 3650 Princeps
539 3585 570 3635 et
590 3578 711 3636 Domine
733 3578 855 3636 Domine
878 3576 1122 3638 clementissime!

165 3679 292 3740 Primum
313 3683 456 3755 supplico,
477 3689 509 3741 nt
530 3682 678 3747 celsitudo
700 3683 805 3742 Vestra
825 3683 962 3756 dignetur
982 3681 1160 3749 meminisse,
1193 3695 1236 3739 me

84 3785 126 3844 illi
148 3786 300 3861 reliquisse
320 3787 521 3846 annotationes
542 3803 621 3847 meas
641 3789 669 3845 iu
691 3789 852 3861 catalogum
865 3786 890 3859 ⁸,
921 3805 985 3862 qnoe
1013 3787 1121 3845 utinam
1143 3785 1180 3843 ab
1201 3802 1237 3844 ea

83 3890 220 3962 legentur·
240 3892 449 3966 mittanturque
470 3891 507 3950 ad
529 3908 574 3951 me
595 3909 657 3951 enm
675 3892 786 3966 jndicio
806 3893 905 3966 ipsius.
940 3893 1017 3960 Dixi,
1039 3890 1065 3949 d.
1086 3889 1236 3949 Brentinm

83 3995 192 4068 legisse
214 4013 306 4070 neque
328 3997 514 4070 improbasse.

653 4141 668 4174 *

157 4252 170 4303 1
191 4248 217 4304 S.
236 4269 263 4305 n.
283 4253 326 4308 30.

155 4336 388 4394 ramum
