2768 4740
669 244 731 305 tae

662 516 729 573 238.

127 653 353 720 Nachrichteu
384 655 462 720 iiber
491 656 544 720 eiu
578 657 724 722 birnduiss
753 658 912 723 awischen
935 664 1047 743 papst,
1077 662 1182 727 kaiser
1205 659 1270 725 und

392 766 544 854 Englaud
567 790 672 855 gagen
696 769 746 833 die
768 774 1002 853 protestantem

612 904 680 962 Sine
701 905 778 963 dato.

496 1015 562 1069 Muss
582 1015 690 1085 anfang
711 1018 777 1070 1555
797 1015 891 1071 fallen.

199 1140 362 1200 Cardinalis
383 1139 509 1199 Μοι·οιιι
529 1139 655 1198 mittitur
681 1139 794 1211 legatus
820 1156 838 1197 a
867 1140 1003 1213 pontifice
1031 1142 1067 1199 ad
1092 1158 1191 1215 regem
1212 1143 1268 1200 Ro·

119 1262 286 1317 manorum,
309 1252 342 1304 ut
362 1245 478 1303 intersit
497 1244 593 1303 diaetae
613 1245 790 1316 Augusteum
802 1242 828 1315 ¹,
856 1245 884 1301 iu
906 1261 964 1317 qua
984 1244 1139 1302 Caesariani
1160 1245 1268 1303 auxilio

118 1348 263 1426 pontificis
283 1366 336 1423 per
356 1350 424 1408 dicti
448 1349 600 1408 cardinalis
625 1349 817 1408 assistentiam
841 1349 931 1408 multa
951 1355 982 1408 et
1002 1365 1105 1420 magna
1125 1348 1181 1406 sibi
1200 1364 1266 1422 pro·

120 1457 246 1513 mittunt.
278 1454 305 1512 Is
321 1456 397 1512 enim
418 1471 481 1512 cum
503 1453 597 1527 ampla
617 1451 756 1512 facultate
777 1453 830 1512 sibi
851 1471 868 1511 a
888 1451 1023 1526 pontifice
1044 1469 1182 1512 concessa
1200 1468 1266 1524 pro·

120 1557 261 1617 ficiscitur
290 1566 321 1617 et
346 1559 445 1617 Romae
477 1565 508 1617 et
537 1558 566 1615 iu
595 1557 679 1616 Italia
705 1559 836 1616 omnibus
862 1558 985 1617 Caesaris
1011 1558 1135 1631 negotiis
1161 1562 1268 1630 praest

118 1679 210 1737 eaque
238 1665 353 1723 amitino
381 1663 489 1736 dirigit.
538 1663 592 1721 Est
619 1679 687 1721 vero
714 1663 776 1722 haec
807 1664 967 1722 certissima
996 1663 1162 1739 coujuratio,
1189 1661 1267 1721 lacta

116 1767 194 1826 inter
215 1768 366 1840 cesarem,
387 1785 483 1842 regern
501 1769 614 1841 anglia
624 1767 642 1841 ⁸,
664 1786 761 1840 regem
773 1769 939 1840 Romanum,
960 1767 1122 1843 pontificem
1144 1775 1173 1826 ct
1195 1783 1264 1826 ιιοιι-

118 1873 212 1931 unllos
232 1874 319 1932 etiam
341 1874 485 1947 principes
505 1873 633 1945 imperii,
661 1874 759 1946 quiin
781 1872 947 1931 obedientia
974 1874 1111 1932 Romunae
1132 1872 1262 1930 ecclesie

117 1985 338 2048 permenserunt
358 1985 459 2036 contra
478 1979 620 2050 principes
641 1980 838 2052 evangelicos,
866 1996 937 2053 quos
958 1981 1073 2037 omnine
1095 1992 1263 2049 oppressum

115 2082 153 2139 iri
175 2089 203 2140 et
224 2082 298 2140 hauc
317 2082 431 2140 diaetam
452 2083 640 2142 certissimum
660 2084 775 2143 illorum
797 2085 914 2141 exitium
931 2081 993 2142 fore
1006 2082 1060 2141 sibi
1075 2082 1262 2155 persuadent.

115 2185 156 2244 Et
176 2202 278 2245 revera
297 2194 418 2259 apparet
438 2188 547 2262 aliquid
568 2189 663 2262 inagni
676 2189 743 2246 mali
760 2189 817 2247 illis
831 2188 1008 2260 impendere,
1029 2189 1053 2244 si
1074 2193 1188 2245 secretu
1207 2185 1264 2243 ista

115 2292 278 2364 conjuratio
300 2291 431 2350 ellectum
442 2291 582 2351 hebuerit.
612 2294 677 2353 Rex
691 2294 849 2366 Romanus,
865 2294 1002 2368 quiillius
1024 2295 1111 2351 etiam
1133 2297 1178 2349 est
1195 2307 1262 2365 par·

115 2394 220 2467 ticeps,
247 2395 333 2453 miser
353 2411 408 2453 neu
431 2395 576 2470 iutelligit,
598 2413 658 2455 rem
680 2402 769 2456 tetam
790 2403 891 2456 eontra
910 2413 942 2456 se
969 2396 1169 2470 principaliter
1198 2411 1261 2454 esse

115 2505 286 2572 susceptam.
326 2500 389 2558 Rex
410 2500 484 2556 enim
504 2499 637 2573 Angliau,
669 2501 718 2574 qui
739 2517 851 2560 omnem
871 2500 998 2561 favorem
1019 2519 1036 2559 a
1056 2499 1191 2574 pontifice
1212 2515 1261 2557 ex-

116 2609 229 2676 spectat
249 2603 277 2660 iu
299 2605 392 2676 capite
413 2604 489 2673 libri,
510 2603 564 2662 hoe
585 2605 674 2678 exigit
694 2611 816 2677 secreto,
836 2610 869 2663 ut
888 2604 982 2666 dictus
1003 2604 1135 2679 pontifex
1155 2602 1263 2661 debeat

114 2707 156 2764 illi
183 2723 267 2765 omnic
297 2706 434 2764 auxilium
460 2716 618 2780 praestare,
649 2716 681 2767 ut
706 2709 742 2767 ad
770 2709 978 2769 successionem
1005 2712 1119 2784 imperii
1147 2707 1260 2767 facilius

114 2811 267 2886 pervenire
288 2813 385 2884 possit.
420 2811 502 2884 Quod
524 2810 549 2868 si
568 2809 665 2884 faciat,
686 2827 717 2870 se
738 2809 841 2871 affines
860 2814 939 2871 illius
958 2820 1209 2872 remuneraturum
1231 2817 1262 2870 et

115 2916 205 2976 multa
230 2917 285 2975 illis
304 2917 378 2975 bona
398 2918 428 2975 in
456 2933 544 2990 regno
570 2917 762 2990 Neapolitano
790 2916 941 2991 daturum,
969 2921 1122 2992 promittit.
1163 2919 1259 2990 Atque

115 3027 182 3078 sunt
201 3021 257 3080 ista
277 3022 437 3080 interillos
457 3023 657 3081 secretissima.
688 3023 733 3082 Ab
749 3023 802 3082 hac
816 3024 1015 3097 conjuratione
1037 3031 1093 3086 tam
1116 3022 1261 3097 principes

116 3125 273 3197 evangelici
288 3142 372 3199 quum
391 3125 489 3196 ceteri,
511 3125 613 3197 quibus
628 3125 748 3184 libertas
765 3126 928 3186 Germania
942 3146 1008 3187 cara
1028 3136 1081 3201 est,
1103 3128 1260 3203 diligenter

113 3229 170 3288 sibi
196 3244 298 3287 cavere
324 3237 354 3287 ct
381 3229 546 3302 supradicta
572 3231 765 3292 attentissime
797 3235 981 3294 considerare
1014 3235 1139 3306 debent,
1171 3243 1259 3309 atque

99 3323 252 3407 ¹imprimis
265 3333 481 3406 rexssohemiae‚
502 3336 552 3408 qui
568 3342 688 3408 propter
703 3336 867 3410 amicitiam,
889 3355 973 3413 qnam
994 3347 1078 3413 putat
1099 3358 1162 3399 esse
1183 3342 1260 3398 inter

115 3439 225 3497 dictum
245 3437 416 3496 cardinalem
443 3447 474 3497 et
499 3447 611 3511 patrem
631 3458 723 3514 suum,
744 3442 815 3500 nihii
836 3443 891 3501 sibi
912 3445 1002 3503 timet.
1043 3444 1100 3504 Sed
1121 3448 1144 3504 si
1166 3446 1259 3504 censi-

113 3543 210 3613 deret‚
240 3542 314 3615 qnod
335 3550 402 3602 unte
423 3543 528 3603 dictum
550 3552 610 3617 est,
630 3546 716 3605 istum
736 3550 861 3620 negotiis
882 3549 1003 3608 Caesaris
1023 3552 1051 3608 in
1072 3550 1158 3609 ltalia
1184 3568 1258 3623 prae·

112 3666 176 3708 ease
198 3653 229 3706 et
248 3649 324 3723 regis
339 3649 451 3723 Augila
470 3650 500 3707 iu
521 3650 629 3709 ducatu
649 3652 860 3713 Mediolanensi
880 3655 1024 3714 subditum
1046 3671 1110 3714 ease
1131 3663 1161 3715 et
1181 3656 1258 3729 quod

112 3760 222 3826 sperat,
243 3752 364 3813 Caesaris
384 3760 414 3812 et
439 3754 508 3814 dicti
535 3755 612 3829 regis
634 3758 745 3831 :lugliae
772 3758 878 3818 auxilio
898 3778 1037 3820 summum
1062 3760 1260 3832 pontificatum

112 3874 144 3917 se
165 3858 319 3932 aliquando
339 3859 523 3933 adepturum,
551 3868 581 3920 et
600 3862 638 3920 ad
658 3862 720 3922 lraec
740 3865 829 3941 (quod
850 3872 937 3939 caput
957 3873 1001 3924 est
1022 3873 1052 3923 et
1068 3865 1258 3924 certissimum

183 4033 195 4084 l
218 4031 246 4086 S.
264 4049 292 4084 u.
309 4031 352 4095 20,
370 4049 401 4086 er
417 4049 476 4086 war
493 4051 554 4087 aum
572 3972 754 4107 Augsbnirger
771 4036 914 4109 reichstag
933 4037 978 4120 als¹
993 4037 1168 4109 ptpstlicher
1188 4055 1257 4091 uun·

112 4120 168 4174 tius
189 4118 344 4189 geschicki.
438 4175 441 4180 ,

180 4206 198 4260 2
216 4206 341 4262 Erdffnet
359 4206 413 4262 den
432 4212 449 4264 5
466 4208 589 4266 Februar
608 4213 684 4266 1555.

180 4295 198 4350 3
215 4293 331 4365 Philipp
349 4311 404 4350 von
422 4297 555 4367 Spauien,
572 4299 686 4370 gemahl
706 4318 760 4356 ron
778 4301 869 4356 Maria
885 4300 988 4356 Τιιᾱοι.
