2768 4740
694 267 754 328 329

698 514 761 573 147.

454 643 578 730 Verger
601 667 642 724 an
666 645 784 733 herzog
808 646 992 732 Ohrisloph.

500 766 651 840 Tabingen
672 768 689 825 5
711 767 844 827 Februar
866 772 950 827 1562.

221 877 373 934 Politiache
386 876 573 933 nachrichteu
586 894 635 931 ans
648 877 743 941 Polou,
757 877 886 941 Liviam,
902 879 1037 949 Savoyen,
1057 877 1188 941 Schweia,
1208 876 1300 932 kirch-

148 973 226 1029 liohe
244 992 294 1030 aus
312 974 387 1030 Gens
403 975 459 1028 und
478 973 588 1028 italien.

229 1072 425 1131 Illustriusime
446 1072 584 1145 Princeps
605 1079 634 1130 et
654 1071 776 1131 Domina
797 1074 920 1131 Domine
942 1071 1185 1131 clementissime!

229 1176 370 1234 Proximis
390 1177 461 1234 meis
481 1176 586 1234 litteris
612 1176 833 1249 promittebam,
864 1194 909 1235 me
939 1178 1112 1248 scripturum
1139 1175 1176 1234 dc
1203 1177 1298 1247 rebus,

149 1297 214 1353 qnae
236 1282 264 1338 in
286 1280 422 1338 Lituania
441 1278 532 1351 finiit,
565 1280 640 1338 nude
661 1280 776 1339 litteras
797 1281 891 1352 lrabni,
912 1280 1034 1339 scribam
1054 1282 1168 1354 itaque,
1193 1280 1299 1338 deinde

148 1384 218 1457 quid
240 1384 433 1442 intellexerim
453 1400 506 1457 per
527 1386 648 1456 litteras,
670 1401 740 1459 quas
760 1385 846 1446 hodie
869 1404 904 1445 ex
922 1386 1058 1444 Helvetia
1077 1392 1165 1458 atque
1186 1385 1300 1444 Rhaetia

150 1495 239 1562 atque
260 1489 355 1546 ltalia·
365 1489 474 1561 accepi.

229 1593 378 1651 Palatinus
393 1593 570 1650 Wilucnsis¹
590 1595 758 1664 gravissimo
776 1602 806 1654 et
827 1595 862 1654 ad
884 1600 1005 1654 mortem
1027 1609 1118 1669 usqne
1139 1596 1301 1668 aegrotavit,

151 1696 307 1756 videbatur
327 1668 422 1756 tamen
443 1699 545 1757 melius
565 1699 682 1758 habere.

231 1802 295 1860 Rex
316 1801 445 1860 Poloniac
467 1802 564 1861 Wilna
585 1803 772 1875 discesserat,
802 1811 832 1861 nt
859 1806 888 1862 in
911 1805 1062 1864 Warsonia
1088 1803 1203 1864 comitia
1223 1805 1299 1864 cele-

149 1905 258 1964 braret.
287 1905 374 1963 Multi
394 1905 548 1979 affirmant,
569 1908 645 1982 qnod
665 1910 736 1967 velit
756 1908 871 1968 efficere
892 1910 928 1984 (si
943 1909 1086 1986 potnerit)
1103 1917 1135 1967 nt
1149 1909 1299 1967 Livoniam

148 2027 240 2082 regno
261 2010 390 2068 Polonise
410 2010 565 2083 adjungat,
593 2014 771 2071 constituens
792 2013 902 2071 scilicet
923 2011 1054 2096 feudum,
1083 2020 1113 2072 et
1133 2020 1192 2073 tres
1212 2013 1300 2073 duces

149 2130 269 2186 creans,
291 2116 340 2188 qni
360 2114 431 2173 inibi
453 2114 574 2186 degant,
595 2114 735 2188 projectis
757 2115 867 2174 scilicet
888 2115 1031 2188 episcopis
1051 2116 1228 2191 reliquisque
1249 2133 1299 2191 pa·

151 2217 261 2292 pisticis
282 2219 507 2292 magistratibus.

227 2324 388 2382 Moscovitu
408 2323 494 2382 offert
514 2324 576 2396 regi
598 2323 725 2395 socole,
757 2323 843 2396 quod,
865 2325 889 2382 si
917 2325 1041 2385 volucrit
1058 2329 1161 2399 jnvure
1182 2327 1211 2384 iu
1232 2327 1297 2384 sub-

145 2430 279 2503 juganda
299 2430 436 2497 Livoniu,
457 2432 528 2489 velit
548 2447 613 2488 enm
635 2430 781 2489 dominum
802 2417 994 2503 constituere,
1023 2431 1181 2490 reservatis
1202 2437 1298 2488 tamen

146 2533 201 2592 sibi
223 2534 394 2607 quibusdam
414 2533 543 2606 arcibns;
576 2539 718 2606 speratur,
742 2534 866 2593 Suecnm
894 2551 949 2592 non
971 2549 1194 2605 consensurum,
1225 2551 1298 2607 prae·

147 2636 248 2694 sertim
270 2634 348 2710 quod
368 2654 418 2694 rex
439 2637 568 2695 Poloniae
589 2635 724 2694 videatur
744 2638 923 2705 consentire,
950 2644 982 2696 ut
1004 2655 1060 2695 una
1080 2654 1115 2696 ex
1136 2637 1196 2696 sois
1217 2654 1297 2696 soro·

146 2739 300 2799 ribus-liat
319 2758 393 2800 uxor
412 2741 512 2800 fratris
533 2741 611 2814 regis
633 2741 759 2813 Sueciae3
789 2741 866 2815 quod
887 2743 941 2801 nisi
969 2740 1084 2813 lecerit,
1113 2741 1299 2802 metuendum

147 2851 201 2917 est,
224 2862 260 2903 ne
281 2846 443 2904 Moscovita
462 2847 556 2918 ipsum
576 2861 675 2918 regem
697 2844 808 2904 Sueciae
829 2847 866 2905 ed
891 2861 922 2905 se
950 2845 1117 2918 pertrahat,
1148 2846 1234 2905 etde
1255 2846 1299 2904 his

148 2950 299 3010 hactenus.

227 3054 363 3114 Scribunt
383 3054 420 3115 ad
441 3072 485 3114 me
507 3072 542 3114 ea
564 3055 699 3113 Helvetia
719 3055 756 3115 de
783 3057 855 3115 (luce
877 3055 1029 3114 Sabaudiae
1042 3054 1061 3124 ⁸,
1094 3057 1151 3129 qui,
1179 3073 1243 3115 cnut
1271 3056 1298 3114 ci

146 3167 234 3218 natus
255 3159 358 3219 fnisset
377 3159 529 3229 masculus,
550 3160 718 3233 adjunxerit
738 3161 791 3219 sibi
807 3161 913 3232 Papam
932 3168 962 3220 ct
976 3158 1148 3233 Philippum,
1171 3165 1203 3217 ut
1223 3159 1299 3219 bello

145 3271 308 3336 repeteret,
330 3282 394 3338 quae
415 3265 469 3324 sibi
489 3263 606 3324 fuorunt
627 3283 645 3323 n
666 3281 754 3338 regno
775 3266 878 3325 Galliae
904 3264 1059 3340 promisse,
1088 3264 1228 3335 scribunt,
1256 3264 1299 3322 in·

145 3383 251 3440 quam,
280 3368 356 3440 qnod
379 3367 432 3425 linc
453 3369 602 3426 occasione
624 3368 701 3426 bella
727 3375 860 3427 metuunt
886 3385 989 3440 magna
1017 3375 1047 3427 et
1072 3369 1138 3428 cito.
1179 3369 1210 3428 Si
1231 3367 1300 3427 Phi·

145 3471 243 3543 lippus
266 3477 363 3542 negat,
385 3487 415 3529 se
438 3471 512 3530 velle
528 3472 691 3530 Germanice
712 3471 820 3530 bellum
840 3471 946 3544 facere,
968 3471 1098 3532 fortassis
1118 3473 1172 3531 lroc
1192 3473 1299 3532 intelli·

144 3580 206 3647 gat,
228 3576 305 3647 quod
328 3575 400 3633 nolit
420 3583 501 3635 recta
520 3578 573 3649 ipsi
596 3577 776 3649 Germaniae,
798 3577 849 3637 scd
871 3579 949 3647 aliis,
971 3579 1019 3653 qui
1041 3578 1162 3638 candem
1183 3581 1298 3652 religio-

144 3695 213 3737 nem
234 3684 301 3736 snnt
322 3678 471 3753 complexi,
494 3680 546 3738 sub
566 3683 624 3739 alio
645 3690 741 3741 tamen
762 3690 916 3756 praetextu.

226 3783 354 3841 Helvetii
376 3783 483 3842 dictam
505 3784 655 3844 celebrant
674 3787 703 3845 in
719 3787 875 3859 Rapesuil³
893 3789 971 3847 intra
984 3787 1122 3861 'ligurum
1139 3792 1168 3844 et
1183 3786 1297 3844 curium

719 3942 736 3974 ὖ

220 4057 233 4109 l
255 4055 395 4121 Radniril,
415 4076 435 4111 s.
455 4076 481 4110 n.
501 4059 544 4120 47,
564 4057 632 4114 iiber
650 4057 769 4112 Livlcud
789 4074 810 4110 s.
829 4055 868 4110 br.
888 4057 955 4110 89³.

215 4146 232 4197 2
250 4142 390 4198 Philibert
400 4145 573 4209 Emmanuel,
583 4145 672 4200 dieser
685 4143 754 4199 uohu
765 4143 832 4199 Karl
843 4142 1015 4206 Emmanuel,
1027 4141 1091 4212 gob.
1103 4142 1206 4196 l2lnu.
1222 4141 1296 4196 1562.

144 4231 251 4302 herzog
272 4232 349 4287 1580.
384 4235 400 4298 †
419 4233 454 4287 26
472 4231 531 4287 Jnli
551 4233 626 4288 1630.

216 4320 233 4373 3
252 4317 431 4389 Repperswil
449 4336 495 4373 am
513 4317 697 4375 leriohersee.

399 4556 456 4643 'el
