2768 4740
120 254 188 310 1558
662 261 721 320 163

117 429 149 485 ln
168 444 278 485 summa
291 426 417 485 laborari
431 445 484 499 pro
502 429 586 500 virili,
609 435 641 486 ut
662 444 714 487 sua
735 428 815 500 regia
833 429 974 489 celsitudo
988 430 1175 502 intelligeret,
1197 447 1265 488 eurr-

116 532 179 587 denr
196 547 298 588 rcrcra
314 531 473 588 doctrinam
490 548 562 600 esse,
578 549 642 605 (perc
657 532 822 591 continetur
838 534 868 591 in
881 533 1065 592 l'aldensium
1080 533 1268 602 corrtnninnn,

115 635 244 693 exhibita
264 637 448 693 serenissimo
463 636 591 695 Romano
613 637 674 708 regi
695 654 769 695 anno
794 640 879 709 1535,
906 657 970 712 qum
992 647 1037 697 est
1056 639 1085 696 iu
1098 641 1267 711 Argustana

115 741 276 811 praesertim
297 741 326 796 iu
346 739 470 798 articulo
492 741 528 798 de
549 741 731 811 eucharistia,
753 749 784 799 et
803 742 934 800 omuibus
964 744 1059 801 uerris
1088 744 1268 815 enitendum,

117 861 151 899 ne
173 843 200 899 d.
223 843 326 900 Poloui
346 843 398 900 illa
417 841 597 902 confessione
618 844 734 903 deserta
754 845 914 917 adjungant
934 863 964 903 se
985 846 1177 918 Zwiugliame.

193 947 264 1004 Haec
285 949 331 1018 egi
352 947 428 1018 apud
452 947 525 1006 lmne
546 951 685 1019 optimum
705 965 814 1021 regem,
835 951 884 1022 qni
905 950 1126 1011 clementissime
1148 968 1202 1010 ure·
1216 969 1266 1010 uu-

116 1052 187 1108 dirit
207 1051 356 1122 multaque
373 1066 483 1106 mecum
498 1053 629 1118 contulit,
652 1069 716 1124 qum
731 1052 767 1109 ad
784 1053 1005 1124 promovendam
1018 1070 1114 1112 reram
1129 1056 1266 1127 pietatem

118 1158 267 1227 pertinent
288 1161 376 1226 atque
398 1170 432 1210 ea
453 1172 548 1213 coram
569 1173 587 1212 a
607 1174 652 1214 rnre
674 1157 814 1215 dicentur.
856 1157 888 1214 Id
911 1175 985 1216 nune
1006 1161 1165 1230 praernitto,
1187 1176 1266 1217 suam

114 1261 223 1333 regiam
239 1258 437 1316 celsitudinem
453 1276 516 1317 esse
529 1262 589 1332 jam
604 1277 721 1333 prorsus
734 1261 889 1319 radicatam
905 1262 934 1318 iu
946 1278 1014 1320 rem
1024 1264 1141 1336 pietate,
1163 1264 1266 1322 ardere

114 1380 213 1421 aurore
233 1363 303 1421 Jesu
325 1362 431 1420 Christi
453 1372 482 1422 et
503 1365 619 1422 minime
640 1372 806 1424 curaturum
827 1383 951 1424 summas
972 1366 1173 1440 difficultates,
1196 1385 1267 1441 quas

113 1469 199 1524 uideo
220 1484 275 1540 ago
294 1467 339 1523 illi
359 1482 423 1523 esse
444 1469 621 1541 propositas,
649 1469 717 1526 dum
737 1469 828 1541 possit
847 1486 1017 1542 promovere
1039 1488 1136 1530 rerum
1156 1474 1265 1532 cultum

114 1572 179 1629 Dei.
214 1571 291 1628 Illud
311 1571 449 1642 imprimis
469 1571 498 1628 in
520 1587 572 1628 sua
592 1571 749 1629 serenitate
766 1571 952 1630 vehementer·
973 1572 1068 1645 laude,
1090 1576 1165 1648 quod
1187 1576 1265 1633 solli·
1302 1558 1304 1565 ἲ

114 1676 203 1732 citum
225 1674 317 1744 rideo,
340 1681 372 1732 ut
389 1675 569 1746 evangelium
590 1676 684 1748 pariat
705 1676 734 1732 in
753 1675 835 1733 nobis
851 1675 962 1735 fructus
978 1677 1079 1748 dignos
1096 1678 1266 1751 penitentia

114 1795 269 1850 veramque
292 1779 357 1836 ritae
379 1776 611 1836 reformationem
633 1785 663 1834 et
683 1776 947 1850 mortificationem3
969 1779 1111 1852 praecipue
1126 1795 1195 1837 vero
1208 1780 1264 1837 sol-

114 1884 222 1942 licitam
244 1885 339 1955 videe,
362 1891 394 1942 ut
412 1885 490 1941 inter
509 1865 718 1942 illustrissimos
738 1885 882 1958 principes
901 1883 1015 1955 imperii
1036 1882 1177 1939 sarciatur
1197 1899 1266 1940 reru

114 1985 271 2043 eoncordia
291 1985 410 2042 sublatis
423 1985 615 2043 simultatibus
636 1992 722 2056 utque
743 1985 826 2056 odiis,
848 2003 919 2058 ques
940 2003 1003 2044 esse
1025 1986 1213 2058 cogitationes
1235 1993 1265 2044 ct

113 2105 198 2147 curas
219 2089 321 2159 dignas
343 2105 410 2146 vero
432 2087 692 2160 christianornm,
714 2089 855 2161 quianon
877 2087 977 2147 videt?
1019 2088 1051 2145 lu
1072 2105 1182 2147 summa
1202 2088 1263 2146 arri-

114 2192 266 2251 madrerto
287 2194 367 2250 illum
388 2191 544 2264 gubernari
565 2208 582 2248 a
603 2192 711 2263 Spiritu
731 2198 839 2250 sancto.

193 2296 223 2354 Si
244 2298 349 2355 Vestra
369 2295 518 2354 Celsitudo
539 2294 613 2352 sorte
636 2294 706 2352 velit
724 2295 907 2367 intelligere,
936 2295 1004 2367 quid
1031 2295 1153 2353 sentiam
1178 2311 1263 2367 porro

113 2417 176 2458 essa
199 2399 360 2458 faciendum
380 2400 408 2455 iu
430 2400 483 2457 bae
504 2415 597 2469 causa,
619 2415 705 2471 quum
726 2399 754 2455 in
776 2415 811 2456 ea
832 2399 880 2455 diu
902 2397 1005 2455 luerim
1027 2406 1157 2456 versatus
1177 2398 1264 2456 lrabe-

112 2521 218 2576 amque
239 2502 318 2561 illam
337 2505 622 2575 satisperspectam,
649 2503 747 2574 paucis
774 2502 875 2559 dicam.
917 2502 987 2573 Quae
1013 2501 1080 2558 milri
1109 2502 1264 2572 rideretur,

116 2608 250 2666 Vestram
263 2607 470 2664 Celsitudinem
487 2606 592 2664 debere
610 2623 684 2663 nunc
706 2621 768 2663 cum
789 2606 931 2678 aliquibus
953 2623 988 2663 ex
1008 2605 1193 2678 principibus,
1214 2606 1264 2677 qui

114 2709 306 2768 Francsordia
327 2708 417 2766 futuri
430 2716 505 2780 sunt,
527 2724 622 2782 agere,
644 2709 743 2781 quanti
762 2708 898 2766 momenti
919 2708 957 2766 sit
977 2708 1032 2767 ista
1053 2724 1148 2780 causa,
1169 2709 1263 2768 deela-

112 2831 190 2882 rare,
213 2814 376 2872 deliberare
402 2829 435 2870 ac
462 2817 604 2882 statuere,
632 2826 668 2866 an
697 2809 804 2881 legatio
829 2809 867 2867 sit
894 2809 922 2867 iu
944 2810 1091 2867 Poleuium
1113 2809 1262 2868 mittenda.

113 2917 144 2974 Si
155 2918 355 2976 consenseriut
371 2923 401 2975 ct
412 2914 609 2975 serenissimus
620 2913 765 2971 Bohemiae
782 2930 834 2971 rex
846 2913 881 2969 de
894 2929 993 2970 cerum
1004 2912 1190 2972 consensione
1202 2930 1262 2970 eer-

112 3023 173 3079 tior
194 3021 288 3079 lactus
308 3022 411 3092 luerit,
435 3038 489 3078 non
511 3026 555 3077 cst
576 3019 708 3083 dubium,
737 3018 804 3091 quin
826 3034 878 3074 sua
898 3017 1039 3075 serenitas
1061 3017 1154 3088 regia,
1176 3016 1263 3074 etiam

101 3112 259 3197 'legatione
280 3127 374 3198 palam
395 3126 488 3193 missa,
511 3124 548 3181 sit
566 3123 703 3194 juvatura
724 3121 797 3179 harre
816 3138 930 3179 causam
946 3127 1031 3193 utque
1045 3120 1158 3178 interea
1176 3121 1263 3178 etiam

111 3247 168 3287 non
191 3229 304 3287 desistit
321 3230 424 3300 jurare
447 3227 510 3284 aliis
531 3225 705 3296 rationibus;
733 3224 791 3282 scio
812 3224 897 3295 enim,
919 3221 955 3280 ad
976 3222 1132 3293 palatinum
1145 3221 1263 3279 Vilnen·

110 3350 172 3390 sem
194 3333 231 3390 de
253 3350 287 3390 ea
308 3339 442 3390 accurate
463 3331 609 3403 scripsisse
631 3345 723 3402 neque
745 3325 927 3400 defuturum,
959 3343 1128 3400 quacunque
1149 3326 1261 3384 ratione

111 3438 230 3511 poterit.
277 3439 340 3511 Ego
366 3439 432 3497 hine
458 3443 540 3494 recta
569 3453 614 3493 me
644 3435 673 3490 iu
701 3432 850 3490 Polunism
877 3430 1080 3497 contulissem,
1112 3435 1200 3501 atque
1228 3445 1262 3487 eo

111 3560 230 3615 prorsus
245 3543 339 3600 animo
351 3543 490 3600 Viennam
507 3540 721 3610 descenderam,
743 3539 792 3596 sed
817 3553 872 3595 non
895 3535 981 3593 debui
1002 3535 1030 3591 in
1051 3532 1124 3591 illud
1144 3551 1264 3607 regnum

111 3648 172 3705 siue
193 3646 300 3720 glypeo
321 3648 446 3719 alicujus
466 3645 619 3718 legationis
639 3651 725 3717 atque
747 3643 861 3701 nrunino
882 3640 1012 3711 privatus
1039 3637 1171 3710 ingredi3
1199 3655 1262 3696 nam

111 3768 251 3808 summum
271 3750 431 3823 periculum
452 3748 560 3820 luisset,
583 3763 618 3804 nc
639 3751 773 3818 potentes
793 3742 919 3814 Papistae
937 3756 983 3797 me
1004 3739 1223 3813 oppressissent.

188 3856 308 3913 Interea
328 3855 411 3912 unrici
432 3855 498 3911 inde
519 3853 556 3910 ad
577 3868 621 3909 me
642 3848 780 3918 scribunt,
803 3846 830 3903 d.
851 3863 869 3904 a
889 3843 1023 3903 Laseho¹
1045 3860 1100 3901 rrou
1122 3842 1261 3900 desistere

112 3975 225 4031 urgere,
249 3966 280 4017 ut
302 3958 445 4016 corilessio
466 3958 649 4030 Zuingliaua,
672 3956 766 4026 ejecta
784 3949 971 4010 Valdcnsium
992 3955 1078 4019 atque
1099 3952 1264 4016 contempta

112 4067 292 4134 augustana,
314 4063 351 4120 ab
372 4061 505 4120 uniuerso
528 4077 617 4130 reguo
642 4057 823 4129 suscipiatur.
863 4054 973 4141 Multos
999 4051 1060 4122 jam
1087 4050 1262 4108 consensisse

678 4177 693 4210 n

182 4276 192 4327 l
215 4276 243 4329 S.
261 4274 303 4327 br.
322 4295 350 4330 n.
368 4275 411 4327 44.

991 4360 1051 4416 11·
