2768 4740
105 277 175 334 15⁰4
643 283 704 344 431

102 452 174 510 estis
193 449 342 510 commode
362 455 449 522 atque
471 448 549 506 laute
560 459 580 504 ⁸.
622 448 760 522 Princeps
788 451 856 508 leto
882 448 937 507 fuit
961 451 1056 509 animo
1086 458 1117 510 et
1136 466 1251 524 semper
1332 469 1337 477 ·

101 555 209 626 agebat
239 556 347 627 gratias
374 553 486 611 Vestris
517 553 721 611 lllustrissimae
749 553 939 625 celsitudini,
969 554 1121 628 omniaque
1152 555 1253 614 suffert

102 658 301 717 libentissime.
341 658 429 715 Mane
449 674 558 717 summo
579 657 707 716 misimus
734 659 865 716 nuntium
892 658 929 717 sd
950 675 1121 731 generosum
1143 659 1170 717 d.
1192 660 1252 719 Un-

101 762 262 835 gnadium¹
283 763 422 835 illumque
439 763 649 832 ,invitissimum
677 779 775 819 verum
801 766 948 821 excusavit
974 780 1005 820 se
1030 773 1151 837 propter
1177 764 1253 823 vule-

103 866 242 925 tudinem.
281 867 432 939 Praecipua
456 884 531 924 nunc
552 875 596 924 est
616 882 686 923 curn
706 882 765 923 suae
785 865 987 924 illustrissima
1009 867 1199 935 celsitudinis,
1220 877 1254 927 ut

102 971 225 1042 babeat,
247 987 318 1044 quos
339 972 430 1042 possit
450 971 525 1044 apud
546 988 577 1028 se
598 971 705 1030 habere
727 980 757 1030 et
777 972 850 1030 bene
873 980 998 1031 tractare
1020 975 1048 1031 in
1070 990 1122 1031 sus
1144 990 1252 1032 mensa.

104 1075 200 1147 Quare
221 1080 302 1132 tanto
323 1074 456 1133 libentius
478 1075 656 1148 exspectabit
684 1082 810 1147 tempus,
840 1091 896 1148 quo
916 1074 1077 1148 Tubingant
1104 1078 1142 1136 sit
1169 1094 1252 1136 revo-

103 1177 220 1250 canum,
241 1179 355 1236 interea
375 1178 536 1250 equissimo
558 1179 651 1236 animo
672 1179 792 1249 petitur,
812 1194 843 1236 se
864 1181 892 1235 in
915 1178 985 1235 talia
1005 1179 1069 1237 loca
1089 1179 1253 1252 ablegatum

104 1298 183 1339 esse:
205 1282 386 1341 commendat
406 1298 437 1340 se
459 1283 609 1340 exanimo
633 1282 741 1339 Vestra
762 1282 965 1340 illustrissimae
987 1281 1166 1341 Celsitudini.

184 1386 256 1444 Sunt
277 1386 347 1444 mihi
364 1404 399 1444 ex
414 1387 548 1445 Heluetia
562 1387 679 1457 litterae,
700 1387 730 1444 in
752 1386 855 1460 quibus
876 1386 1045 1445 nuntiantur
1065 1387 1140 1445 bona
1159 1391 1254 1446 omnia

108 1492 146 1548 dc
167 1490 300 1549 foederob
323 1491 537 1563 rcgichlliue¹
558 1509 621 1550 oum
641 1493 835 1564 ipsoltbaetia,
858 1510 914 1566 quc
935 1493 963 1549 iu
985 1508 1017 1549 re
1040 1508 1094 1565 ego
1116 1509 1171 1552 uon
1193 1495 1253 1551 cxi-

104 1612 191 1668 guam
218 1596 320 1655 novavi
348 1613 465 1669 operam
492 1615 546 1670 per
573 1597 627 1654 Dei
654 1598 785 1670 gratiam.
827 1598 908 1655 Inter
935 1595 993 1654 alia
1019 1596 1118 1654 scribit
1144 1596 1190 1654 ad·
1207 1613 1253 1657 ms

103 1700 324 1773 Bulungoruse,
354 1718 424 1774 quas
444 1702 558 1759 litteras
578 1717 632 1774 ego
653 1701 802 1772 colligatas
824 1703 922 1771 mitto;
948 1698 1018 1757 fucit
1046 1701 1120 1757 enim
1141 1701 1253 1759 Vestrae

105 1803 291 1862 celsitudinis
311 1805 494 1881 mentionem
508 1811 539 1862 et
558 1803 615 1860 aliu
635 1819 708 1861 nova
728 1803 870 1875 adjungit.

183 1907 289 1965 Vestra
309 1907 505 1966 illustrissima
526 1905 674 1965 Celsitndo
694 1906 762 1965 boni
783 1907 924 1965 consulat.
966 1905 1172 1965 commorabor
1200 1924 1254 1980 ego

104 2009 161 2081 bic,
182 2008 249 2067 dum
269 2024 351 2068 meus
371 2026 471 2069 currus
492 2015 675 2082 revertatur,
707 2025 791 2080 quem
812 2024 895 2081 spero
914 2010 961 2066 dic
977 2009 1067 2067 Lunae
1087 2009 1254 2070 adiuturum

105 2120 158 2172 aut
176 2113 289 2172 Martis.

184 2218 364 2277 Revereatur
383 2233 430 2275 me
445 2217 614 2276 commendo
628 2217 833 2276 illustrissimae
845 2218 1020 2277 celsitudini
1030 2219 1151 2289 Vestrae,
1172 2219 1256 2294 qudm

106 2321 187 2379 Deus
207 2327 305 2380 servet
324 2337 343 2378 a
362 2320 445 2378 malo.

184 2425 269 2483 Datus
289 2425 443 2498 Metziugae
465 2424 512 2482 die
532 2425 659 2482 secunda
679 2423 855 2497 Septembris
879 2430 963 2485 1564.

96 2573 104 2594 ,
185 2529 396 2588 illustrissimus
416 2527 593 2596 deziuillus
612 2527 740 2600 audivit,
772 2546 836 2603 quae
856 2531 975 2604 scripsi,
994 2532 1057 2603 ipse
1077 2540 1174 2591 autem
1195 2521 1255 2592 met

106 2635 188 2694 breui
215 2634 334 2693 daturus
362 2640 406 2693 est
433 2634 546 2693 litteras
573 2633 608 2691 ad
630 2634 765 2692 Vestram
789 2634 1016 2695 illustrissimam
1037 2635 1253 2705 celsitudinem,

106 2740 152 2798 cui
172 2756 204 2798 se
224 2739 405 2800 commendat
425 2740 531 2798 iterum
550 2745 638 2811 atque
658 2739 773 2796 iterum.

335 2845 447 2902 Vestrae
468 2843 671 2902 illustrissime
694 2841 881 2902 celsitudinis
905 2845 1029 2903 servitor

1012 2950 1176 3022 Vergerins.

179 3077 287 3150 Herzog
306 3078 454 3148 christoph
475 3078 583 3134 schrieb
608 3078 799 3148 oigonhandig
826 3078 878 3133 cui
902 3079 954 3133 dau
983 3079 1054 3134 rand
1079 3079 1126 3133 des
1151 3078 1253 3134 bricia:

106 3188 128 3221 ³·
147 3167 296 3309 1112118119
323 3270 391 3323 geru
418 3269 568 3309 veruomeu
596 3255 643 3308 des
665 3254 822 3308 Raeavillus
848 3273 880 3307 au
900 3254 1061 3322 Metziugeu
1080 3252 1254 3315 aulnhomeu;

107 3341 195 3396 winde
220 3338 270 3395 bit
299 3340 430 3411 dienstng
457 3340 532 3410 gebu
558 3340 737 3411 Pinlliugen,
767 3340 832 3395 alda
857 3340 903 3395 ich
929 3339 1014 3395 saban
1033 3339 1092 3393 will
1119 3338 1185 3392 umb
1210 3337 1257 3393 cin

107 3429 229 3499 gelegne
248 3428 368 3498 herberg
388 3428 460 3492 ime,
490 3429 545 3482 dau
565 3444 593 3482 as
612 3428 679 3482 sida
697 3428 740 3482 uit
766 3431 848 3499 gutte
874 3428 986 3483 heusser
1010 3428 1088 3492 hott,
1117 3426 1175 3480 und
1194 3424 1257 3480 v'er·

109 3516 189 3582 boiis,
209 3517 234 3570 S.
256 3516 285 3571 L.
306 3535 337 3570 zu
358 3517 411 3570 mir
429 3515 568 3579 bemilam,
587 3516 650 3571 dem
669 3516 869 3572 waidtwarckh
888 3515 946 3569 und
960 3515 1047 3584 jugem
1067 3513 1114 3567 cin
1133 3513 1256 3582 gesellen

109 3620 123 3654 c
255 3643 262 3657 .

124 3620 142 3656 u
162 3602 289 3746 831¹}er
307 3708 336 3746 es
353 3707 423 3760 geru
442 3691 499 3744 und
520 3690 592 3767 noch
611 3690 701 3744 lieber
720 3689 804 3746 nolte
822 3689 867 3744 ich
887 3689 988 3754 heren,
1015 3689 1065 3744 das
1082 3688 1131 3742 der
1151 3686 1255 3754 herzog

675 3808 690 3839 ss

184 3887 195 3939 i
217 3883 244 3938 S.
262 3901 289 3936 n.
308 3884 350 3937 30.

179 3972 196 4024 2
215 3969 242 4024 S.
262 3987 289 4023 u.
309 3971 359 4024 155
378 3967 406 4021 ff.
425 3968 483 4022 uud
501 3969 553 4026 205
573 3968 600 4022 ff.
629 3968 685 4022 Der
704 3967 1017 4037 vereinigungsvertrsg
1035 3962 1170 4018 zwisoheu
1187 3962 1256 4016 Kcrl

105 4058 145 4111 IX
165 4056 223 4111 und
248 4056 303 4111 den
327 4055 510 4123 eidgenoseeu
532 4055 627 4110 wurde
645 4056 661 4108 7
680 4053 831 4110 December
851 4053 919 4107 1564
946 4048 1178 4119 abgesoblossem
1209 4047 1258 4102 der

105 4144 317 4212 schiedvertrag
336 4141 473 4196 awischen
492 4142 565 4196 Bern
585 4143 642 4196 und
662 4141 804 4209 Savoyen,
830 4139 879 4192 der
898 4137 943 4190 die
961 4133 1171 4204 streitiglraiten
1190 4133 1259 4188 iiber

76 4236 84 4249 ⁸
105 4232 157 4286 das
177 4227 353 4285 Waadtland
373 4228 549 4293 schlichtete,
568 4247 600 4282 zu
620 4228 765 4283 [lausanna
783 4227 818 4281 30
836 4223 955 4280 October
974 4224 1049 4276 1564.

177 4317 238 4373 38.
258 4334 285 4371 n.
306 4319 366 4372 111.
