2768 4740
119 262 187 323 1⁵³⁰
662 279 722 340 197

115 440 214 501 (luerit
234 459 316 516 cum,
336 459 382 502 mc
402 444 509 505 littaris
529 443 655 516 hortari,
684 451 718 504 ut
737 446 824 507 velim
844 453 923 522 pati,
953 468 1010 525 quo
1030 469 1076 513 me
1096 455 1265 517 reconciliet

115 545 236 604 taudem
256 563 309 606 aaa
329 547 424 620 Papa.
464 548 545 607 Dana
574 549 655 608 illum
680 566 745 610 cum
765 569 816 611 suo
837 555 1025 615 cardinalium
1045 558 1166 633 collegio
1187 577 1264 620 oum·

113 666 171 724 quo
192 667 246 710 ano
266 650 437 710 antichristo
458 653 569 724 perdat,
591 669 673 713 amen
695 672 788 728 amen,
810 662 840 716 et
860 660 940 718 duat
960 660 1105 722 Christus!

195 752 371 813 Commendo
392 772 438 814 me
450 764 621 816 reverenter
634 758 747 818 Vestrae
761 760 964 823 Illustrissimaa
978 763 1158 842 eelsitudini,
1179 786 1264 844 quam

113 858 194 918 Dans
215 860 340 933 optimus
360 859 499 919 maximus
519 861 601 921 nohis
621 861 780 924 conservet.

192 963 333 1036 Tubiugae
353 963 401 1023 die
423 969 440 1023 6
460 965 561 1024 Martii
585 968 669 1026 1559.

241 1096 245 1104 ‹
317 1100 319 1104 ·
344 1068 549 1128 illustrissimae
571 1069 756 1131 Celsltudinis
777 1073 888 1134 Vestra
908 1077 1032 1135 aernit'or

1017 1179 1183 1255 Vargerius.

657 1411 725 1468 741.

466 1535 681 1623 Neuigkeihen
705 1560 762 1603 aus
785 1537 911 1605 Italian.

185 1634 262 1703 iiber
288 1646 333 1702 die
363 1647 496 1717 unguade
524 1647 573 1703 der
599 1646 690 1703 ueffen
708 1648 791 1704 Paula
810 1649 850 1704 1v
875 1652 931 1706 und
958 1653 1004 1709 die
1028 1654 1196 1728 variolgung
1213 1657 1261 1713 das

115 1744 309 1814 avangeliama
327 1743 357 1798 in
376 1743 454 1799 ilum.

192 1841 273 1914 Papa
292 1841 474 1900 machinatur
495 1845 591 1902 nescio
612 1845 680 1918 quid
701 1851 803 1905 contra
824 1849 1035 1906 serenissimum
1050 1849 1195 1910 Bohemiee
1215 1867 1261 1910 ra·

112 1963 188 2022 garn,
211 1947 320 2020 cogitat
339 1965 405 2005 enm
426 1951 672 2009 excommunicare
692 1957 828 2024 tanquam
849 1950 1053 2012 Lutherunnm.
1201 1942 1205 1947 ’
1344 1930 1349 1940 ’

194 2051 264 2110 (ium
279 2052 359 2125 Papa
379 2057 439 2109 tres
460 2057 581 2125 nepotes
596 2051 711 2124 habeat,
732 2069 853 2126 quornm
865 2070 952 2111 nuum
968 2053 1152 2126 cardinalem,
1173 2056 1261 2116 alium

112 2157 230 2226 ducem,
256 2156 344 2215 aliam
365 2155 557 2215 marchionem
578 2163 692 2215 crearat
712 2174 834 2231 cumque
862 2163 994 2216 uteretur
1020 2158 1121 2217 horam
1147 2162 1262 2234 potissi-

104 2277 189 2344 mum
219 2277 308 2333 opera
334 2263 363 2319 in
394 2259 582 2334 gubernando
611 2268 672 2320 toto
697 2267 823 2334 papatu,
855 2278 947 2335 nuper
973 2280 1025 2321 sua
1051 2263 1189 2324 sanctitas
1214 2249 1262 2343 int

112 2364 208 2440 ajunt)
230 2365 352 2423 removit
371 2381 471 2422 omnes
493 2371 553 2422 tres
573 2365 610 2422 ah
630 2366 708 2423 omni
728 2366 977 2426 administratione
995 2367 1152 2442 jussitque,
1179 2370 1260 2428 utin

112 2468 207 2541 spatio
228 2469 317 2528 tridui
340 2469 492 2527 discedant
512 2469 548 2527 ab
576 2469 647 2528 urbe
662 2469 686 2542 ι;
714 2487 801 2530 causa
827 2477 872 2529 est
895 2479 1015 2545 proptor
1041 2473 1166 2533 nelariaa
1196 2473 1260 2533 libi·

113 2573 205 2646 dines,
226 2581 346 2647 proptor
366 2575 554 2646 expilationes
574 2581 662 2649 atque
684 2577 807 2649 rapinas.

192 2679 353 2739 Cardinalis
373 2678 536 2739 Moronns²
556 2681 662 2739 dicitur
683 2680 875 2754 degradatus,
909 2689 940 2740 et
966 2682 995 2738 in
1024 2682 1166 2754 quandam
1193 2681 1260 2739 ciri·

112 2791 202 2844 tatem
224 2786 392 2857 deportatus
413 2802 464 2844 seu
485 2785 639 2859 relegatus,
660 2785 791 2859 praestita
804 2784 1000 2857 fidejussione,
1022 2785 1098 2859 qnod
1117 2785 1183 2845 inde
1204 2802 1261 2845 non
1316 2786 1324 2800 ’

112 2889 150 2946 ait
170 2887 310 2948 abiturus.

191 2993 312 3052 Plurimi
340 2999 406 3052 sunt
427 2995 526 3053 Romae
553 2995 583 3051 in
612 3009 757 3052 carcerem
783 3000 902 3067 propter
931 2994 1111 3066 evangelium
1138 2994 1262 3066 conjecti

111 3099 265 3171 pluresque
287 3099 394 3171 Romae,
415 3114 499 3172 quam
521 3100 550 3157 in
573 3098 632 3158 alia
651 3099 723 3158 urbe
743 3098 846 3158 Italiae.
963 3130 973 3139 -

193 3201 285 3261 Totus
306 3208 351 3262 est
371 3203 400 3260 in
421 3204 476 3263 hoc
496 3203 591 3278 Papa,
618 3209 651 3262 nt
670 3220 784 3263 cursam
805 3204 947 3277 evangelii
969 3201 1117 3262 cohibeat:
1146 3217 1210 3259 nam
1231 3205 1260 3259 at

681 3333 696 3367 it

112 3434 248 3490 cardinal.
287 3439 353 3492 1551
385 3439 461 3508 legia
482 3444 519 3494 'er
544 3439 620 3493 aeine
646 3438 752 3509 pariter
770 3439 851 3493 stelle
869 3437 965 3492 niedar
983 3453 1015 3488 an
1034 3437 1154 3506 guuateu
1172 3433 1263 3488 aeines

112 3523 297 3580 vermandtea
316 3516 482 3579 Eustachium
500 3524 538 3579 du
557 3524 656 3595 Ballny
673 3524 731 3579 und
756 3523 844 3596 giang
867 3523 939 3580 nach
958 3523 1043 3584 Rom,
1070 3536 1113 3575 wo
1137 3536 1167 3574 11·
1193 3519 1261 3574 1560

112 3608 198 3665 111111.
236 3609 262 3664 S.
284 3610 323 3665 br.
341 3630 367 3665 11.
387 3613 429 3666 75.
1261 3682 1264 3691 V

183 3699 195 3749 l
217 3697 288 3752 Paul
309 3698 347 3752 IV
367 3699 476 3755 camna
496 3701 577 3756 hailo
595 3701 671 3756 seina
690 3703 707 3756 3
726 3698 827 3763 naffen,
856 3700 911 3755 den
935 3697 1017 3754 einen
1037 3695 1102 3751 (lurl
1119 3711 1181 3748 aum
1200 3709 1260 3748 car·

112 3782 199 3849 dinal‚
218 3785 272 3839 den
292 3785 401 3841 andern
420 3804 482 3841 zum
501 3788 604 3858 herzog
621 3805 676 3844 van
695 3786 836 3850 Palliana,
863 3787 917 3842 den
938 3785 1075 3856 jhngstan
1102 3798 1163 3834 aum
1188 3796 1261 3834 mar·

112 3870 214 3926 cheren
234 3889 290 3927 nou
309 3873 482 3929 Monlebello
502 3877 635 3938 ernanum
655 3875 745 3930 clear
764 3875 825 3929 ihre
842 3870 1103 3939 aunachueifuugen
1122 3867 1179 3921 und
1198 3883 1260 3921 ver-

112 3955 235 4012 hrocheu
253 3959 359 4024 erinhr,
378 3960 464 4015 nahm
487 3977 517 4016 ar
534 3959 622 4016 ihnan
642 3960 670 4015 in
690 3960 782 4016 cinam
801 3956 994 4016 consistorium
1014 3958 1046 4010 27
1066 3953 1260 4010 runcatione

111 4042 171 4098 ihre
191 4044 306 4100 wilrdon
326 4046 362 4101 ab
380 4047 439 4101 und
459 4048 575 4102 verwies
592 4046 632 4102 sie
649 4047 679 4100 in
698 4046 839 4102 autiernta
858 4042 1039 4100 ortachaihan.
1069 4039 1135 4112 Vgl.
1153 4038 1259 4102 Ranae,

111 4129 207 4186 volker
224 4132 283 4187 und
302 4131 410 4190 ranan
429 4152 458 4191 n.
476 4152 495 4190 a.
515 4152 549 4190 w.
568 4133 602 4197 11,
622 4133 681 4189 304.

181 4218 280 4290 avgl.
300 4238 327 4275 n.
346 4221 388 4277 20.
