2768 4740
114 285 183 341 1559
661 293 722 354 193

113 466 208 533 rogat,
229 459 309 533 quod
325 460 368 518 ita
382 458 536 529 existimet,
557 457 832 519 confoederationem
846 462 875 518 in
892 476 978 519 causa
991 461 1140 536 religionis
1154 462 1262 524 lucisn-

114 563 180 621 dam
213 562 363 638 (qnoniam
383 577 431 620 res
451 563 489 620 sit
515 564 610 634 magui
637 563 786 639 momenti)
813 563 851 622 ud
881 563 1008 638 reliquos
1034 567 1179 641 principes
1198 585 1264 642 pro·

114 674 259 726 testantes
279 672 415 738 oportere
441 664 566 738 deferri,
598 674 628 724 et
655 675 811 741 propterea
835 669 998 728 oratoribus
1025 672 1103 740 suls,
1134 689 1206 746 quos
1225 674 1263 732 ad

113 775 286 844 Argustana
305 770 422 829 comitia
442 771 567 843 legarit,
599 773 627 830 in
656 772 797 831 mandatis
826 773 959 844 dederit,
990 782 1023 833 ut
1050 775 1123 836 hane
1147 795 1261 838 causam

112 883 235 948 agerent
256 891 321 934 oum
341 874 460 946 reliquis
479 875 664 949 principibus.

194 980 249 1039 Vix
271 986 367 1038 tannen
389 985 491 1051 putet,
521 997 605 1053 posse
635 979 717 1052 fieri,
749 990 780 1040 ut
808 983 875 1040 talis
901 982 1110 1045 eonloederatio
1139 989 1261 1062 ineatur,

113 1085 206 1158 qualis
225 1084 301 1143 solet
327 1081 391 1140 ficri
417 1083 448 1139 iu
475 1081 563 1142 rebus
591 1078 736 1157 profanis,
764 1082 913 1142 delensira
934 1086 1045 1146 scilicet
1065 1095 1153 1162 atque
1175 1090 1261 1150 ctiam

113 1188 263 1247 offensiva.

193 1293 276 1351 Hanc
295 1291 346 1349 illa
368 1289 543 1362 singularem
564 1287 652 1343 animi
672 1285 910 1358 propensionem,
939 1302 1024 1358 quarn
1053 1286 1262 1348 illustrissimus

113 1397 248 1472 princeps
268 1401 366 1454 vester
393 1410 464 1465 erga
492 1392 672 1462 muJestatem
700 1390 779 1447 illius
806 1389 951 1456 ostendit,
983 1392 1146 1464 aequissime
1173 1394 1263 1453 inter-

116 1502 260 1572 pretatur.
300 1497 364 1555 Hoc
383 1502 480 1553 tamen
500 1492 592 1550 tibia
618 1507 664 1549 rne
692 1491 782 1550 voluit
808 1491 978 1564 significari:
1009 1493 1159 1567 Mujestati
1185 1499 1263 1558 illius

115 1618 263 1677 nunquam
284 1603 313 1659 iu
334 1602 430 1658 auimo
450 1598 554 1665 luisse,
580 1597 734 1669 principem
762 1605 842 1656 tuum
870 1598 906 1656 ad
928 1614 989 1656 earn
1011 1616 1124 1660 causum
1145 1604 1200 1662 isto
1222 1605 1263 1662 nl·

114 1710 204 1769 licere
226 1707 329 1775 modo,
351 1713 384 1763 ut
405 1706 478 1762 harre
498 1720 559 1761 rem
578 1702 615 1760 ab
636 1703 685 1760 illo
706 1703 867 1775 postulare,
888 1710 1034 1778 utcunque
1055 1713 1152 1765 tamen
1172 1711 1264 1780 petita

115 1815 162 1885 sit,
184 1821 237 1872 aut
258 1829 276 1871 a
296 1812 446 1870 voluntate
468 1809 589 1883 quadum
612 1815 707 1865 vestra
735 1823 803 1880 erga
831 1808 988 1880 principem
1018 1817 1142 1869 restrum
1169 1820 1221 1871 aut
1247 1830 1265 1871 a

115 1918 216 1977 studio
237 1918 335 1991 aliquo
356 1918 385 1974 in
407 1931 456 1973 vos
482 1912 660 1987 quorundam
688 1918 851 1970 nostrorum
877 1910 1034 1983 prolectam
1064 1931 1143 1986 esse,
1174 1918 1264 1975 inter-

113 2021 234 2094 pretari.
277 2019 393 2076 Etenim
419 2033 483 2076 curn
514 2016 585 2074 nulli
614 2031 729 2073 suorum
751 2016 886 2087 majestas
906 2016 984 2074 illius
1011 2018 1203 2092 mandaverit,
1232 2027 1265 2079 ut

114 2126 188 2182 hunc
209 2140 270 2181 rem
292 2124 333 2183 sic
354 2128 551 2195 exponerent,
569 2119 695 2178 audierit
715 2125 812 2178 tamen
833 2136 868 2177 ex
890 2121 948 2179 tuis
969 2128 1000 2180 et
1019 2123 1181 2184 rationibus
1201 2126 1264 2200 qui-

114 2230 236 2289 busdam
258 2237 288 2288 et
308 2227 453 2303 prioribus
474 2227 561 2286 etiam
583 2227 704 2296 litteris,
735 2225 819 2283 raldc
846 2233 875 2283 te
904 2225 978 2285 scire
999 2227 1089 2301 velle,
1122 2229 1264 2303 quomodo

114 2335 223 2407 legatio
245 2351 263 2392 a
283 2332 461 2408 principibus
481 2330 722 2404 protestantibus,
750 2330 774 2387 si
802 2346 865 2403 quta
890 2329 966 2389 lor-te
994 2335 1176 2406 mitteretur,
1207 2354 1265 2410 qua

114 2438 152 2496 ad
167 2438 394 2511 promovendum
412 2437 592 2508 evangelium
606 2436 785 2508 incitaretur,
800 2437 945 2508 majestati
957 2452 1016 2494 suae
1026 2436 1143 2510 probari
1158 2448 1263 2510 posset,

114 2559 221 2615 cupere
244 2544 340 2611 etiam,
362 2548 392 2600 te
413 2542 491 2600 inter
511 2547 626 2599 ceteros
647 2546 791 2599 oratorem
812 2540 849 2599 ad
871 2558 921 2599 nos
944 2541 1050 2601 venire.

194 2647 375 2707 Consiliurils
395 2654 456 2705 tum
477 2644 646 2719 quibusdum
667 2644 758 2712 illius,
784 2645 833 2718 qui
854 2646 907 2704 lroe
928 2649 1075 2719 negotium
1097 2665 1160 2706 eum
1180 2648 1259 2708 illius

112 2755 269 2826 majestate
291 2769 325 2812 eo
346 2760 475 2826 tempore
496 2754 659 2809 tractarunt
678 2747 797 2825 (quibus
818 2766 873 2822 ego
894 2757 955 2808 tum
976 2751 1156 2827 intereram),
1178 2772 1263 2828 quam

111 2859 240 2917 libenter
260 2859 360 2916 norum
380 2856 541 2931 principum
561 2854 657 2913 studia
671 2860 701 2914 et
716 2856 879 2914 voluntates
891 2856 1138 2930 complecteretur,
1160 2865 1261 2932 aperte

113 2963 254 3022 ostendit.

193 3067 234 3125 Et
255 3073 350 3126 tamen
371 3072 544 3142 anteaquam
571 3067 608 3125 ad
635 3083 670 3126 ea
697 3066 766 3140 quid
794 3073 873 3124 certo
900 3072 1061 3139 statueret,
1093 3070 1264 3142 responderi

112 3173 223 3241 noluit,
255 3178 286 3231 et
306 3173 452 3245 principes
472 3173 568 3245 ipsos,
600 3174 649 3246 qui
669 3172 781 3244 legatos
808 3173 959 3230 mitterent
988 3179 1018 3230 et
1046 3179 1117 3246 quot
1144 3190 1265 3233 numero

112 3283 226 3348 essent,
259 3283 289 3334 et
309 3277 372 3351 ipsa
391 3276 517 3349 legatio,
549 3275 618 3350 quid
638 3277 720 3349 sequi
741 3281 790 3333 aut
813 3292 870 3347 uno
891 3283 1022 3348 spectare
1044 3285 1158 3350 posset,
1189 3280 1264 3338 scire

115 3380 201 3439 raldo
223 3380 368 3453 cupiebat.

191 3484 319 3555 Quarum
339 3499 438 3543 rerum
458 3501 546 3558 quum
567 3491 644 3543 essct
662 3483 741 3542 illius
762 3485 899 3555 majestas
921 3481 997 3541 lacta
1015 3486 1131 3556 certior,
1153 3493 1266 3546 mature

112 3596 170 3647 tum
193 3588 373 3661 respondere
396 3587 478 3656 velle,
499 3588 651 3662 perspicue
672 3586 756 3646 uobis
771 3586 960 3661 significabat.
994 3589 1104 3648 Praetcr
1119 3590 1180 3650 haee
1195 3592 1266 3651 nihil

113 3700 192 3753 certe
214 3695 353 3767 majestas
373 3694 452 3752 illius
475 3696 504 3752 iu
524 3693 578 3753 hac
599 3709 685 3753 causa
705 3693 863 3767 respondit.

192 3798 233 3857 Et
255 3806 367 3866 tamen,
389 3816 476 3873 quum
499 3799 560 3858 lraeo
580 3815 626 3858 res
647 3799 795 3874 aliquanto
816 3800 930 3873 lougius
951 3818 1104 3874 progressa
1124 3803 1169 3868 sit,
1191 3804 1266 3861 siout

114 3919 148 3961 ex
168 3903 278 3961 litteris
299 3903 444 3975 tuis,ja1n
465 3910 610 3975 postremo
636 3921 688 3976 per·
714 3911 848 3975 nepotem
876 3911 958 3962 tuum
978 3903 1033 3962 huc
1053 3906 1154 3975 missis,
1175 3909 1265 3965 mani-

113 4005 187 4067 lcste
208 4008 335 4080 intelligi
355 4014 460 4081 potest,
483 4009 574 4068 voluit
595 4010 731 4083 majestas
752 4027 813 4078 sua,
835 4016 868 4067 ut
888 4010 952 4081 ejus
972 4011 1087 4068 nornine
1108 4009 1161 4069 tibi
1177 4013 1265 4085 signi·

114 4110 246 4182 icarum,
273 4112 414 4184 singulari
441 4112 554 4172 cuidam
583 4113 728 4173 desiderio
760 4119 857 4172 restro
888 4113 1052 4172 illustrandi
1082 4116 1263 4186 evangelium

115 4219 270 4277 servatoris
290 4217 383 4276 nostri
403 4217 473 4276 Jesu
495 4217 603 4277 Christi
624 4221 739 4278 omuino
760 4236 790 4277 se
812 4221 864 4279 hoc
884 4220 1023 4290 tribuere,
1046 4221 1090 4277 cui
1113 4224 1265 4292 tantopere

166 4328 260 4385 verger
1025 4323 1057 4377 13
