2768 4740
116 233 187 292 ¹5⁶³
658 241 720 303 381

182 392 367 462 Uberscbiekt
384 407 401 460 2
418 405 515 470 brieio,
532 404 578 461 die
596 405 655 460 sein
673 405 746 462 ueffe
764 407 837 462 noch
848 405 975 463 Preulleu
988 407 1161 466 mitushmen
1179 408 1258 465 selle.

114 500 309 557 Nachrichteu
328 518 378 556 aue
397 499 508 556 ltulieu.

193 615 389 674 illustrissime
410 617 550 691 Princeps
570 624 601 675 et
621 619 744 677 Domine
764 619 887 677 Domine
910 618 1153 678 clementissime!

195 720 265 778 Cum
293 721 416 794 primum
435 721 605 793 Stutgardia
632 722 784 782 rediissem
803 721 978 796 Tubiogam‚
1007 723 1081 796 coepi
1107 730 1262 797 utrumque

115 824 254 898 scriptum
275 824 434 896 adornare,
453 825 490 884 od
511 827 734 886 illustrissimum
755 827 857 886 ducem
878 826 1002 885 Pressius
1022 828 1160 898 alterum,
1186 827 1261 886 olte-

114 944 177 986 rum
198 929 322 987 remed
345 929 471 988 scholam
486 931 751 1004 Regiomooteuam,
772 939 925 1005 utrumque
947 947 1015 991 rere
1035 930 1144 990 confeci
1164 933 1262 991 mitto-

115 1050 171 1106 que
192 1033 228 1092 ad
248 1033 470 1094 illustrissimam
491 1035 700 1095 celsitudinem
719 1037 854 1094 Vestram
881 1052 939 1094 una
965 1052 1030 1094 cem
1055 1051 1119 1094 meo
1146 1043 1261 1109 nepote,

113 1154 198 1210 quem
219 1138 269 1196 illa
288 1139 439 1198 constituit
453 1140 482 1197 in
497 1141 644 1199 Prussism
656 1141 781 1209 mittere,
802 1138 1041 1214 quemadmodum
1062 1154 1116 1211 ego
1138 1156 1261 1198 summo·

114 1256 185 1313 pere
206 1240 350 1309 desidero,
371 1248 402 1298 et
421 1258 507 1315 spero
527 1242 606 1301 illam
629 1241 778 1303 lecturam.

192 1344 345 1417 Dignetun
366 1344 451 1404 ambo
470 1346 578 1417 scripta
597 1345 755 1419 inspicere,
776 1343 885 1403 addere
906 1351 936 1403 et
955 1345 1099 1415 minuere,
1120 1343 1260 1417 quidquid
1294 1384 1299 1391 -

115 1447 185 1521 vult,
206 1448 356 1522 acquiesco
377 1448 454 1507 enim
473 1448 562 1520 ipsius
581 1450 734 1508 sententia
755 1454 842 1521 etque
860 1446 980 1521 judicio.
1021 1447 1120 1521 Nepos
1142 1464 1260 1520 exspec-

115 1553 190 1612 tabit
211 1552 400 1626 strigorem,
426 1553 562 1626 quamdin
581 1570 750 1627 responsum
772 1552 878 1612 babeat
897 1551 933 1611 ab
953 1551 1150 1610 lllustrissimo
1170 1550 1261 1610 Celsi·

114 1658 215 1717 tudine
227 1658 341 1730 Vestra,
357 1659 453 1716 statim
466 1674 535 1716 vero
560 1657 597 1716 ad
619 1675 663 1741 me
684 1661 780 1719 veniet
800 1666 887 1731 etque
907 1657 974 1714 bine
988 1655 1207 1728 Regiomontem
1227 1672 1258 1714 sc

114 1761 256 1834 conteret,
279 1767 308 1820 et
330 1761 366 1821 de
386 1761 441 1820 hoc
462 1760 542 1819 satis.

194 1865 267 1925 Sunt
288 1865 358 1924 mibi
378 1865 432 1925 bec
451 1869 538 1924 necte
559 1879 596 1922 ex
616 1862 701 1922 Italia
720 1863 842 1934 littera,
873 1859 977 1935 quibus
996 1859 1183 1935 significatur,
1204 1862 1260 1920 Pa·

113 1969 204 2043 pam¹
224 1971 321 2029 rivere
342 1969 477 2043 quidem,
508 1967 559 2027 sed
579 1983 746 2041 percussum
767 1966 912 2039 paralysi,
943 1963 1118 2039 etpedibus
1139 1965 1260 2024 utinen

113 2074 214 2147 possit.

194 2177 356 2238 Gordioalis
370 2175 582 2250 Lotheringus'
602 2175 657 2236 luit
674 2183 811 2250 exceptus
826 2175 966 2247 venetiis,
987 2180 1020 2234 nt
1033 2192 1093 2233 mos
1114 2180 1167 2247 est,
1188 2174 1261 2232 mul·

113 2291 176 2342 tum
203 2299 271 2342 vero
297 2283 430 2342 hortatus
460 2281 590 2340 dominos
617 2280 745 2340 Venetos
775 2280 812 2339 de
843 2278 1026 2338 defendenda
1052 2278 1148 2339 Gallia
1173 2283 1261 2351 atque

112 2394 232 2462 papatu.

202 2489 391 2563 Delphinus'
421 2491 538 2549 nuntius
567 2491 741 2562 apostolicus
769 2489 819 2548 ille
854 2503 936 2546 mens
967 2487 1068 2546 incidit
1102 2488 1132 2544 in
1165 2485 1259 2559 indig-

113 2595 260 2653 nationem
282 2593 310 2652 d.
331 2594 525 2664 Venetorum,
555 2593 604 2667 qui
624 2608 740 2665 grauem
760 2593 788 2649 in
817 2591 898 2649 ibam
924 2589 1051 2647 tolerent
1077 2591 1259 2647 sententiam.

113 2696 350 2758 condemnarent
370 2700 454 2769 enim,
476 2706 509 2756 ut
528 2705 671 2771 perpetuo
692 2696 804 2755 exsulat
819 2712 854 2754 ex
868 2693 994 2753 dominio
1009 2692 1194 2764 Venetorum,
1215 2697 1258 2749 at-

114 2820 172 2877 que
193 2809 225 2861 ut
244 2803 287 2863 illi
308 2809 394 2875 ceput
415 2808 593 2876 amputetur,
615 2801 639 2859 si
660 2799 884 2872 irredemptos,
906 2813 1021 2855 causam
1042 2795 1168 2854 nondum
1188 2795 1265 2852 scri:

112 2907 196 2967 bunt.

194 3012 239 3070 De
260 3012 380 3071 coneilio
400 3010 544 3082 scribunt,
575 3009 718 3068 Gaesarem
739 3007 814 3066 velle
840 3005 914 3064 illud
940 3006 970 3063 in
991 3020 1043 3063 sus
1063 3008 1207 3078 potestate
1228 3009 1259 3061 ot

114 3115 173 3174 elia
192 3114 284 3175 forma
304 3117 440 3190 incipere.
481 3118 576 3189 Quare
605 3115 717 3186 aliquot
740 3118 840 3187 patres
865 3115 998 3183 sperant,
1026 3108 1102 3183 quod
1127 3124 1172 3167 me
1194 3107 1258 3166 Tri-

114 3220 195 3280 denti
216 3222 389 3293 simultati,
410 3221 451 3279 sic
471 3221 546 3281 enim
567 3220 703 3279 scribunt

193 3324 329 3385 Scribunt
348 3332 504 3399 preterea,
532 3321 708 3381 cardinalem
728 3315 954 3376 Tridentinum⁴
980 3320 1084 3374 catena
1110 3330 1173 3372 esse
1194 3328 1260 3371 con·

112 3430 243 3488 strictum
264 3430 363 3488 Romae
384 3437 527 3502 tamquam
547 3425 695 3498 furiosum,
717 3422 793 3497 qnod
815 3420 898 3479 lacile
919 3417 988 3477 mibi
1011 3416 1134 3476 videtur.
1162 3417 1260 3490 Appa-

112 3533 198 3594 rebat
218 3533 294 3593 enim
314 3534 394 3593 alere
415 3533 525 3590 semina
544 3529 612 3588 talis
632 3527 734 3586 morbi.

193 3638 368 3699 Commendo
388 3655 433 3698 me
454 3641 625 3696 reverenter
643 3631 848 3693 Illustrissimae
864 3625 1036 3689 celsitudini
1047 3626 1168 3684 Vestem.
1198 3624 1260 3682 Pax

113 3751 145 3805 et
164 3745 260 3817 gratio
280 3744 387 3803 domiui
408 3745 500 3802 nostri
520 3742 591 3801 Jeau
613 3737 721 3798 Christi
742 3752 805 3796 cum
824 3733 885 3813 illa.

680 3890 695 3922 *

185 4010 199 4063 1
219 4007 246 4061 S.
264 4025 290 4060 u.
311 4007 360 4062 130
378 4005 435 4059 und
454 4005 496 4058 94.

183 4095 200 4149 2
220 4094 247 4149 S.
266 4112 292 4148 ιι.
311 4095 344 4149 81
364 4092 421 4147 und
440 4093 499 4146 177.

184 4185 202 4236 3
220 4181 248 4234 S.
266 4199 294 4235 n.
314 4180 373 4234 110.

183 4270 200 4322 4
219 4267 245 4322 S.
264 4286 291 4322 n.
312 4268 372 4322 108.

167 4371 260 4428 verger
