2768 4740
609 554 656 611 73.

362 689 487 777 Verger
510 713 553 756 an
573 691 693 777 herzog
715 688 897 778 Ohristoph.

397 828 545 903 Tobiugeu
567 831 606 890 24
626 829 759 890 Februnr
781 832 866 889 1559.

127 954 320 1027 Neuigkeiten
339 973 389 1011 aus
408 956 540 1028 Englund
557 957 616 1012 und
634 957 734 1022 Pelen,
753 957 790 1012 ob
808 957 854 1013 dis
871 955 1042 1014 lutherischs
1061 957 1129 1015 oder
1147 956 1206 1014 hel-

56 1051 183 1108 vetisohe
201 1051 280 1110 lehre
296 1051 382 1123 siege
418 1040 495 1109 liber
512 1053 589 1111 seina
606 1052 795 1110 litterarischs
813 1054 980 1126 thlttigksit

133 1165 332 1226 Illustrissime
353 1166 491 1239 Princeps
512 1175 541 1228 et
562 1168 685 1228 Domine
706 1170 828 1228 Domine
850 1170 1095 1231 clementissime!

135 1271 222 1330 Mitto
244 1287 318 1330 nove
338 1273 469 1346 quaedam
490 1290 526 1332 ex
546 1274 640 1334 Italia.
681 1275 773 1348 Spero
800 1293 895 1335 meum
922 1283 1055 1349 nepotem
1076 1273 1206 1347 proximu

55 1375 218 1447 septimana
238 1375 400 1435 rediturum
421 1392 456 1435 er
473 1375 609 1449 Angliu¹3
632 1382 700 1436 sunt
720 1378 795 1436 enim
817 1385 941 1452 quatuor
961 1383 992 1438 et
1011 1376 1112 1449 viginti
1133 1376 1205 1448 dies,

58 1479 163 1553 quibus
183 1478 331 1553 discessit;
352 1479 400 1538 ubi
414 1479 545 1551 redierit,
566 1479 663 1539 statim
677 1494 741 1539 eum
756 1495 790 1539 eo
804 1480 840 1538 ad
853 1480 1061 1542 celsitudinem
1073 1481 1205 1541 Vestram

61 1586 184 1642 veniam.
217 1582 312 1642 Audio
326 1583 384 1642 illic
400 1598 517 1657 magnas
531 1587 561 1640 et
574 1597 656 1641 acres
671 1596 734 1641 esse
755 1585 992 1656 concertationes,
1013 1583 1077 1642 eliis
1097 1585 1208 1642 seilicet

60 1686 259 1759 suadentibus,
280 1694 312 1746 ut
332 1689 476 1761 papismus
496 1687 590 1746 adhue
606 1689 777 1760 retineatur,
798 1689 870 1758 aliis,
892 1696 925 1749 ut
945 1706 980 1749 ee
994 1690 1125 1763 projecto
1139 1704 1206 1748 con·

57 1790 145 1850 fessio
167 1793 345 1863 Augusteum,
366 1793 443 1865 eliis,
466 1799 497 1851 ut
517 1793 669 1855 Helvetico
689 1794 877 1867 suscipiatur3
899 1810 996 1868 spero,
1018 1794 1095 1869 quod
1115 1809 1206 1867 nepos

56 1910 149 1957 meus’
168 1899 196 1956 in
228 1904 358 1972 tempore
388 1916 451 1959 curn
482 1902 554 1958 meis
583 1899 689 1959 litteris
719 1899 921 1970 supervenerit
954 1898 1204 1971 retardaveritque

56 2002 221 2075 plurimum,
243 2019 279 2061 ne
300 2003 364 2062 aliis
384 2004 485 2075 regius
504 2005 661 2064 adhaereut.
692 2003 810 2064 Utinam
825 2002 940 2062 ivissem
961 2005 1092 2078 egomet!
1114 2001 1205 2060 multo

56 2114 135 2166 certe
158 2108 249 2180 magis
269 2108 297 2165 in
326 2124 358 2165 re
387 2108 460 2166 tanti
486 2110 622 2166 momenti
650 2107 854 2181 profecissem,
886 2107 938 2166 sed
963 2112 1066 2180 postea
1091 2105 1139 2165 ibo
1169 2103 1206 2179 (si

57 2214 199 2273 Dominus
219 2214 352 2283 voluerit)
382 2231 476 2289 neque
498 2216 572 2273 ullos
592 2214 706 2274 labores
727 2231 830 2273 recuso
850 2212 949 2272 subire
970 2226 1022 2284 pro
1042 2208 1135 2286 gloria
1154 2208 1206 2267 do·

59 2320 129 2377 mini
139 2319 196 2377 Dei
217 2320 282 2378 mei.
315 2319 395 2378 Idem
415 2334 534 2393 prorsus
554 2326 599 2377 est
618 2319 700 2391 regui
712 2319 840 2378 Polonire
851 2317 871 2391 ¹,
893 2334 949 2393 quo
970 2315 1006 2375 ad
1027 2315 1205 2390 religionem,

57 2421 106 2493 qui
126 2426 173 2479 est
193 2421 315 2493 Angliae,
336 2426 443 2480 status:
465 2423 495 2479 in
516 2420 637 2480 Polonia
657 2423 733 2480 enim
754 2422 855 2481 eodem
875 2421 969 2493 modo,
992 2420 1092 2480 eudem
1114 2418 1150 2477 de
1171 2433 1204 2475 rs

56 2524 257 2591 contenditur,
286 2529 316 2583 et
342 2542 443 2599 parum
469 2534 589 2599 propter
608 2525 801 2584 dissensiones
820 2526 978 2601 proficitur.
1019 2523 1116 2582 Audio
1136 2539 1205 2580 ren·

57 2632 151 2686 turam
179 2628 380 2688 adducerem
402 2630 567 2688 Polouieam
594 2630 768 2701 legationem
796 2637 827 2690 et
852 2629 928 2690 forte
954 2635 1106 2687 venturum
1127 2626 1205 2698 pela-

56 2730 149 2789 tinum
170 2731 337 2791 llilnensem
349 2732 368 2791 ⁸.

135 2834 167 2893 Si
182 2835 329 2910 descripta
341 2844 408 2897 sunt
424 2838 481 2897 duo
492 2838 543 2898 illa
557 2839 672 2913 scripta,
688 2838 812 2899 alterum
823 2839 913 2898 latine
929 2837 965 2898 de
978 2837 1038 2897 rita
1048 2837 1131 2895 Pauli
1142 2835 1206 2894 111⁴
1304 2848 1313 2863 ·

56 2943 252 3013 germanicum
273 2942 405 3016 alterum,
427 2960 490 3017 quse
512 2942 661 3003 Celsitudo
679 2944 782 3004 Vestra
803 2946 994 3003 constituerat
1013 2941 1051 3001 ud
1070 2942 1205 3001 illustris·

57 3061 159 3103 nurum
181 3045 209 3103 d.
230 3045 415 3119 Bipontinum
436 3048 562 3117 mittere,
584 3045 721 3119 dignetur
740 3046 900 3117 mandere,
914 3052 947 3105 ut
965 3045 1034 3103 milri
1055 3044 1205 3102 remittan-

57 3155 112 3220 tur,
136 3165 203 3207 nam
224 3167 296 3223 opus
316 3150 416 3208 habeo.
448 3149 555 3207 Vereor
570 3166 645 3208 nuuc
658 3150 686 3206 iu
702 3156 881 3224 argumento,
903 3149 980 3224 quod
993 3165 1078 3224 spero
1091 3148 1205 3206 Vestrae

58 3251 231 3313 Celsitudini
251 3255 437 3328 placiturum3
458 3254 682 3326 communicabo,
704 3271 768 3312 curn
786 3270 902 3313 venero.
923 3252 1049 3336 'Dialogi
1061 3254 1128 3325 mei,
1147 3258 1206 3311 sts·

57 3357 107 3416 tim
129 3365 196 3431 post
216 3359 320 3418 librum
339 3358 531 3430 germanicum
548 3359 661 3419 Vestrae
682 3359 868 3418 (lenitudinis
888 3359 1003 3417 nomine
1024 3356 1205 3432 typographo

57 3461 181 3521 datum⁸
201 3464 397 3536 procudentur
416 3465 549 3536 taudem3
569 3480 623 3537 per
642 3480 688 3522 me
708 3479 765 3522 non
786 3465 876 3534 stetit,
897 3465 1048 3537 quominus
1069 3462 1206 3522 exiissent

623 3593 638 3627 *

130 3699 143 3752 l
164 3698 190 3753 S.
209 3697 264 3752 deu
282 3696 473 3753 lebeneabriss.

125 3785 143 3837 2
164 3783 191 3838 S.
210 3783 253 3837 br.
272 3802 300 3839 u.
319 3786 361 3841 63.

125 3869 189 3924 98.
207 3871 248 3926 br.
267 3889 294 3926 n.
311 3872 355 3927 46.

124 3957 188 4011 48.
207 3959 250 4013 br.
269 3977 296 4014 u.
316 3960 358 4015 72.

126 4047 143 4100 5
163 4044 220 4099 Das
237 4044 403 4102 lateinisohe
421 4044 510 4101 buch:
546 4046 659 4119 Dialogi
678 4048 798 4117 quatuor
815 4045 851 4103 de
868 4045 949 4111 libro,
968 4060 1051 4115 quem
1069 4043 1110 4098 St.
1123 4041 1203 4100 Osius

56 4133 154 4188 eontra
172 4131 321 4187 Breutium
346 4133 376 4188 at
393 4132 559 4204 Vergerinm
578 4133 677 4189 edidit.
713 4133 809 4205 Serap.
827 4150 848 4187 s.
866 4134 910 4189 99.
928 4149 956 4188 u.
973 4132 1015 4188 93.
1051 4130 1107 4185 Das
1125 4129 1204 4184 deut·

55 4218 119 4275 sehs
137 4218 211 4275 buch
223 4217 382 4275 vielleicht:
401 4218 548 4274 Athanasii
561 4218 704 4276 sandbriaf
713 4236 768 4275 von
787 4219 850 4275 dem
868 4218 980 4274 irektat
997 4232 1051 4271 von
1069 4214 1205 4289 reichuug

57 4306 107 4361 der
124 4310 328 4363 sacramenten.
365 4305 514 4378 Tubingeu
534 4309 611 4364 1559.
646 4307 741 4378 Serap.
760 4324 781 4362 e
799 4308 841 4363 90.
859 4324 887 4362 u.
906 4305 949 4360 91.
