2768 4740
123 235 191 294 15⁶⁵
667 245 727 306 103

122 426 178 469 nuo
200 409 289 468 uerbo
310 425 361 469 eos
380 410 540 484 tangimus,
568 412 622 485 ipsi
643 429 713 472 vero
739 421 841 475 contro
866 417 995 479 membru
1014 422 1084 481 Jesu
1105 420 1212 480 Christi
1242 428 1273 482 et

125 521 224 575 nostra
244 514 373 573 membre
391 516 459 588 igne
480 521 568 589 utque
589 515 667 575 ierro
689 519 831 579 diabolice
852 522 984 589 spuunt.
1025 524 1096 584 Vaeh
1118 526 1185 599 iliis,
1207 526 1269 585 uaeh

121 622 188 692 illis,
210 636 275 678 nom
297 621 472 692 sempiterno
492 621 559 692 igue
580 623 638 680 cito
660 622 877 684 cruciabuntur!

199 724 229 782 Si
251 722 307 783 iste
328 723 481 784 cardinalis
492 725 650 785 Morouns¹
665 728 779 800 legatus
796 730 913 803 aliquod
931 733 1069 807 scriptum
1083 733 1230 807 proferret
1241 734 1269 792 in

120 832 243 890 muteris
262 830 386 903 concilii,
407 832 505 889 statim
526 832 573 890 ubi
595 833 738 907 legissem,
759 850 872 905 possem
887 835 1053 910 patefacere
1068 839 1197 908 insidias,
1219 856 1269 898 ne·

121 952 178 1009 que
198 935 274 994 euim
295 936 358 994 sine
379 935 492 994 insidiis
511 935 650 1008 proferet,
671 939 718 995 sat
737 939 806 998 scio.

199 1036 318 1096 Utinam
340 1036 487 1096 Celsitudo
507 1038 614 1098 Vestro
634 1038 802 1113 dignaretur
822 1041 920 1114 legere
940 1042 1043 1111 breve,
1076 1045 1128 1104 sed
1148 1046 1270 1105 horribi-

120 1140 259 1199 lissimnm
281 1141 433 1212 scriptum,
454 1142 531 1214 quod
552 1148 620 1199 oute
641 1159 766 1202 mensem
788 1143 850 1204 iere
871 1147 932 1204 misi
955 1147 981 1205 d.
1003 1147 1094 1220 Ber03
1115 1149 1205 1223 pudet
1224 1167 1270 1210 me

122 1244 237 1318 quidem
266 1246 311 1303 vel
339 1245 519 1316 meminisse,
552 1249 584 1301 nt
613 1244 811 1304 Romanenses
842 1263 898 1306 non
927 1249 1017 1323 pudet
1043 1250 1114 1309 tolio
1144 1257 1268 1324 patrare.

121 1351 202 1409 Dens
223 1349 281 1408 iilis
302 1350 448 1409 meliorem
471 1355 595 1408 mentem
612 1349 696 1427 [deth

199 1453 259 1513 Oro
274 1460 414 1513 aeteruum
428 1459 541 1527 putrem
559 1454 665 1513 domini
683 1459 773 1515 nostri
789 1457 859 1514 Jesu
877 1455 993 1528 Christi,
1012 1467 1044 1518 nt
1061 1460 1269 1520 celsitudinem

120 1560 252 1618 Vestrum
267 1577 319 1619 suo
331 1560 433 1633 spiritu
444 1566 528 1632 reget
542 1568 573 1618 et
587 1568 703 1621 tuentur
717 1563 753 1621 ad
770 1561 967 1623 defensionem
982 1570 1012 1623 et
1032 1558 1268 1637 gloricn'snnctae

121 1667 184 1738 eJus
205 1665 346 1725 ecclesie.
387 1664 562 1723 Commendo
584 1681 628 1722 me
648 1674 826 1726 reverenter.

199 1799 380 1872 Stutgordiae
400 1798 428 1856 X
448 1798 546 1857 Martii
571 1800 654 1856 1555.

301 1929 306 1940 “
396 1930 532 2004 Eiusdem
555 1929 742 1991 celsitudinis
764 1930 875 1989 Vestrae
895 1948 995 1991 servus

1023 2061 1189 2135 vergerius.

672 2391 719 2447 25.

426 2537 551 2625 Verger
574 2560 616 2604 on
637 2539 757 2624 herzog
779 2485 965 2623 Christoph.

486 2685 633 2759 Stuttgcrt
656 2688 691 2742 12
712 2685 792 2774 Mdrz
818 2686 900 2744 1555.

194 2812 326 2869 Fiirbitte
355 2813 399 2868 im
425 2813 470 2868 die
500 2813 516 2866 2
545 2811 721 2884 gefuugeuen
746 2811 912 2884 jiingliuge,
942 2813 1100 2883 gefuudene
1124 2811 1266 2868 schrifteu.

116 2908 313 2965 Nsohriohten
333 2909 402 2964 iiber
421 2908 467 2965 die
484 2908 681 2980 evangelische
700 2908 848 2979 gemeiude
866 2908 896 2962 in
914 2908 1051 2963 Lokoruo.

196 3032 395 3091 Illustrissimo
426 3038 456 3091 et
482 3030 732 3091 Excellentissime
758 3031 897 3103 Princeps
928 3037 958 3091 et
991 3031 1113 3090 Domine
1146 3031 1267 3089 Domine

116 3136 350 3195 Gratiosissime!

196 3241 288 3298 Extat
316 3240 504 3300 clarissimum
526 3237 633 3296 Christi
659 3239 777 3297 uerbum
806 3238 842 3296 de
870 3238 1054 3310 suscipiendo
1081 3254 1150 3296 euro
1178 3239 1267 3310 copti-

114 3361 232 3416 vorum3
253 3345 396 3417 promittit
418 3345 493 3401 enim
511 3344 599 3400 uitem
612 3347 749 3400 aeterncm
765 3343 840 3413 huic,
862 3343 911 3415 qui
926 3344 986 3400 tulo
1006 3343 1202 3400 testimonium
1217 3341 1267 3401 de·

115 3449 195 3508 derit
215 3448 285 3507 fidei
305 3465 382 3516 snee,
414 3454 446 3506 ut
468 3447 646 3519 captivorum
677 3464 774 3506 curum
804 3454 836 3505 et
865 3449 1073 3521 protectionem
1097 3450 1267 3522 susceperit.

116 3556 213 3627 Quum
234 3555 333 3627 itaque
355 3550 505 3612 Celsitndo
524 3553 630 3610 Vestro
650 3550 757 3610 hubent
776 3552 895 3625 verbum
916 3553 1008 3625 ipsum
1030 3551 1152 3625 Christi,
1172 3569 1268 3626 aquo

115 3664 254 3718 monetur
274 3659 319 3715 sni
339 3655 435 3722 officii,
457 3673 512 3714 non
535 3654 661 3713 conabor
681 3671 735 3728 ego
757 3655 853 3712 verbis
874 3656 946 3714 meis
960 3671 1022 3713 eom
1036 3655 1193 3722 stimulare,
1215 3656 1266 3713 sed

115 3768 231 3822 tentum
254 3775 367 3819 musam
388 3758 527 3817 indicere.

195 3866 303 3925 Vestro
324 3863 473 3924 Celsitudo
494 3863 632 3935 dignetur
651 3863 749 3935 legere
777 3861 1014 3934 supplicationem
1040 3878 1198 3932 annexum,
1230 3879 1266 3919 ex

111 3990 170 4047 qno
191 3971 351 4046 percipiet,
382 3970 410 4025 in
432 3983 489 4041 quo
511 3971 589 4025 statu
610 3969 648 4025 sit
668 3983 754 4025 causo
776 3982 875 4025 eorum
903 3966 1023 4024 duorum
1050 3965 1266 4023 adolescentum

685 4088 700 4123 *

186 4184 418 4242 ldmmffl
