2768 4740
119 270 191 329 ΙΨ
462 319 465 323 ›
672 278 714 340 tt

119 458 183 508 sue
200 461 312 506 rarum.
342 446 420 521 Quin
430 445 511 506 addit
529 462 562 505 se
581 453 727 520 procerte
745 449 830 519 scire
850 446 1075 508 illustrissimum
1083 445 1112 504 d.
1124 445 1265 507 marchio·

124 565 188 610 nem
206 548 386 610 Albertum¹
403 549 479 610 male
508 551 616 611 tubera
640 557 762 626 propter
780 553 883 612 vulnus
907 553 938 611 ln
964 551 1081 612 bractio
1107 556 1266 625 acceptum,

122 655 197 730 quot
211 653 297 714 usuc
314 653 467 728 intumuit;
487 655 540 714 aed
557 654 621 714 hac
634 655 739 714 metim
752 654 903 715 Oelsitudo
912 655 1017 715 Vestra
1031 661 1129 730 potest
1144 655 1266 715 nomaso.

195 757 279 831 Papa
297 757 456 818 destinuit
474 756 598 832 legatos,
619 759 668 832 qui
689 764 758 818 caut
777 758 816 818 at
836 759 1011 832 episcopos'
1030 758 1207 827 Germsuiam
1233 763 1264 818 et

120 862 177 921 illis
196 860 383 934 gratulentur
399 877 454 936 pro
473 861 596 921 victoria
615 869 647 922 et
666 862 790 922 offerant
809 862 946 936 deinceps
966 862 1082 921 auxilia.

197 963 288 1024 (terta
306 981 354 1024 res
374 972 428 1036 est
450 965 570 1025 classem
590 968 669 1039 regis
687 966 836 1026 Gallorum
857 981 952 1040 nuper
969 967 1110 1026 invasisse
1130 970 1161 1025 et
1180 981 1265 1026 occu·

119 1085 200 1143 passe
220 1085 306 1129 uuam
326 1070 427 1129 urbem
445 1070 475 1127 in
497 1069 604 1142 Sicilia,
626 1071 672 1128 cui
692 1069 801 1130 Alica·
822 1085 941 1142 nomen,
962 1077 993 1129 ot
1013 1069 1116 1130 iecisse
1135 1069 1264 1144 predam

118 1173 155 1232 art
174 1181 289 1232 eentum
311 1180 342 1232 et
362 1174 569 1247 quinquaginta
591 1174 682 1233 milita
707 1181 918 1234 coronatorum.
956 1174 989 1232 Iu
1020 1188 1111 1247 regno
1136 1173 1264 1249 neapoli·

118 1282 185 1336 tano
204 1277 304 1350 aliqui,
324 1279 373 1350 qui
395 1284 478 1337 erant
497 1279 607 1348 exules,
629 1285 661 1338 ct
681 1280 759 1352 regis
771 1278 921 1337 Gallorum
940 1283 1039 1351 partes
1059 1276 1265 1351 sequebantur,

120 1385 221 1454 coacto
248 1380 407 1441 exercitulo
435 1389 613 1454 occuparunt
638 1383 805 1453 Salernum
841 1383 996 1442 cardinalis
1019 1381 1184 1450 Peoecus⁴‚
1214 1379 1264 1455 qui

119 1498 222 1556 proras
243 1488 297 1556 est,
318 1484 436 1544 miserat
455 1484 565 1560 aliquot
586 1485 729 1558 Hispanos
750 1485 872 1558 obviam,
892 1487 941 1560 qui
960 1486 1079 1547 luerunt
1098 1486 1174 1544 caesi.

193 1586 261 1645 Dux
279 1587 473 1659 Venetorum,
499 1592 548 1662 qui
568 1606 661 1664 nuper
679 1589 735 1649 fuit
755 1596 885 1662 creatus,
913 1598 958 1650 est
978 1591 1006 1649 d.
1027 1591 1154 1649 Joauues
1174 1588 1262 1661 Alcy-

119 1691 177 1749 aius
196 1689 363 1764 Beruardo‚
395 1693 437 1750 vir
462 1691 553 1750 bonus
580 1690 710 1765 quidem,
741 1692 790 1778 sed
819 1693 868 1765 qui
888 1708 1031 1764 uunquam
1053 1689 1109 1748 fuit
1127 1692 1157 1748 in
1177 1690 1263 1749 rebus

117 1794 237 1874 mendis
257 1796 441 1855 exercitatus.

195 1898 266 1958 Mea
285 1900 375 1959 Vallis
395 1900 523 1970 Telliua,
551 1899 600 1957 ubi
621 1900 714 1958 habeo
735 1899 924 1958 ministerium
945 1907 975 1958 et
996 1897 1191 1997 tuguriglsm
1220 1896 1261 1954 la-

120 2003 203 2063 borat
228 2020 333 2077 magna
359 2005 559 2077 pestilentia⁸‚
590 2012 621 2064 et
653 2023 696 2064 me
724 2007 754 2064 in
779 2006 989 2077 apertissimum
1015 1996 1174 2073 periculum
1198 2015 1264 2058 oon-

114 2107 219 2180 jtotrm,
240 2110 265 2168 si
285 2125 363 2168 uuuo
382 2110 537 2169 intravero.
557 2110 648 2182 agam
670 2110 747 2183 quod
757 2109 896 2168 Dominus
916 2124 968 2167 suo
988 2108 1091 2179 spiritu
1111 2105 1263 2163 monuerit.

116 2211 243 2284 Legatos
262 2209 457 2287 Papae⁸,‘qui
476 2214 506 2272 iu
525 2229 622 2274 mcum
641 2212 738 2272 odium
758 2213 861 2271 missus
880 2217 933 2279 est,
954 2217 1054 2283 urget,
1074 2215 1108 2268 ut
1126 2207 1262 2268 audiatur

92 2314 94 2321 ’
116 2314 149 2374 ab
169 2313 216 2372 his
237 2315 360 2375 dominis
381 2317 468 2375 trium
496 2315 655 2390 foederum,
683 2317 732 2391 qui
752 2314 981 2390 responderunt,
1009 2331 1041 2374 se
1060 2318 1177 2386 paratos
1197 2329 1261 2372 esse
1373 2352 1374 2355 ,

116 2419 230 2478 comitia
249 2419 397 2479 celebrare
423 2425 454 2480 et
481 2417 603 2491 audire,
633 2420 657 2478 ai
676 2417 758 2492 Papa
783 2423 927 2493 sumptum
952 2416 1174 2486 sumministret;
1204 2430 1261 2475 uon

116 2523 188 2581 enirn
209 2537 273 2582 esse
295 2538 424 2596 morem,
453 2528 488 2581 ut
511 2520 636 2596 propriis
662 2521 822 2593 sumptibus
848 2519 1041 2592 conveniant,
1071 2521 1126 2579 nisi
1146 2518 1262 2593 quando

115 2643 179 2687 suos
199 2628 385 2700 magistratus
405 2629 533 2687 creaturi
551 2633 636 2699 suut;
667 2631 837 2699 expectatur
861 2628 961 2700 itaque
981 2626 1103 2699 pecunia
1123 2640 1139 2682 e
1159 2623 1261 2683 Roma

117 2732 198 2790 >lunc
218 2733 310 2806 magis
331 2730 435 2791 fremet
455 2737 482 2790 et
505 2732 587 2807 Papa
605 2737 636 2791 et
656 2733 871 2805 succingatur,
898 2747 985 2805 quum
1004 2730 1112 2789 uiderit
1131 2744 1176 2787 me
1197 2733 1261 2786 tau-

115 2843 173 2895 tum
192 2835 334 2895 librorum
353 2834 488 2896 attulisse
507 2842 538 2896 et
558 2837 714 2909 sparsisse3
735 2835 829 2910 gloria
852 2837 930 2908 Deo,
951 2850 1036 2910 sporo
1056 2850 1102 2894 mc
1122 2834 1203 2894 brevi
1222 2831 1260 2890 de

114 2940 169 2998 illis
189 2940 444 3013 triumphaturum.
471 2938 542 2998 Cras
554 2940 621 2999 hinc
634 2939 729 3011 ebibo,
751 2945 781 2999 et
800 2939 859 3000 cito
879 2942 908 2998 iu
929 2939 1042 2999 ltaliam
1061 2939 1098 2998 ad
1115 2938 1259 2998 Ferraria

686 3075 702 3108 1

183 3165 244 3220 ts.
264 3167 305 3219 br.
324 3182 351 3218 u.
370 3166 395 3218 2.
414 3166 440 3219 3.
517 3161 521 3167 '

183 3252 443 3308 immuta

179 3339 360 3394 athlante

180 3428 198 3482 4
217 3425 300 3482 Peter
319 3425 444 3482 Pacheoo
464 3442 518 3481 von
532 3425 705 3489 Moutalbam
725 3422 964 3480 cardinolbischof
979 3441 1032 3479 von
1051 3423 1137 3485 taen,
1164 3424 1259 3493 spttar

114 3511 262 3584 rioclrtnig
278 3529 335 3568 von
353 3512 471 3582 Neopel,
487 3516 505 3580 †
523 3512 540 3566 4
559 3511 682 3568 l'ebruar
701 3513 777 3568 1560.

178 3600 309 3655 acolius
328 3599 410 3655 Curio
436 3599 576 3655 Secrmdus
603 3601 714 3656 schrieb
739 3598 822 3654 nicht
847 3598 1007 3671 unrichtig:
1036 3596 1183 3653 Neminem
1208 3613 1258 3650 un·

114 3704 195 3757 quam
215 3685 277 3743 ridi
293 3685 420 3742 miserim
439 3686 590 3743 formidare
614 3687 823 3756 pestilentiam,
842 3705 926 3757 quam
945 3686 1094 3758 Vergeriue
1119 3685 1196 3741 fecit.
1224 3685 1259 3741 te

112 3775 194 3831 Porta
214 3773 250 3839 ΙΙ,
272 3774 331 3830 let.

178 3864 196 3916 6
214 3861 287 3917 Paul
310 3859 460 3916 Odeeoalco
479 3877 533 3916 vou
555 3861 646 3925 Conso,
668 3862 872 3930 apostoliseher
891 3863 1005 3917 nuntius
1024 3862 1081 3916 und
1099 3858 1255 3928 inquisitor,

112 3949 217 4005 damnis
236 3949 281 4003 iun
293 3948 400 4003 Veltliu
417 3948 544 4019 geseudt,
562 3967 609 4002 um
630 3950 679 4003 das
697 3949 878 4017 evangelium
896 3950 959 4004 dort
977 3947 1171 4008 auszurotteu;
1191 3961 1210 3997 s.
1222 3942 1256 3996 de

112 4036 192 4092 Porta
209 4035 246 4100 11,
266 4035 329 4089 257.
365 4034 447 4090 Seine
474 4036 642 4092 instruction
667 4054 686 4090 a.
706 4037 749 4091 br.
767 4055 794 4090 u.
814 4039 864 4091 5a.
900 4037 1006 4106 Verger
1031 4031 1141 4088 schrieb
1165 4045 1256 4102 gagen

112 4122 169 4176 ihu:
207 4121 292 4177 Dello
319 4121 505 4178 commissioni
523 4140 539 4178 e
559 4123 678 4186 facultn,
705 4124 756 4179 ohe
776 4123 804 4176 P.
824 4122 917 4178 Giulio
936 4121 976 4175 ΙΙΙ
995 4121 1032 4175 he
1050 4119 1117 4174 dato
1135 4134 1152 4171 a
1170 4116 1207 4170 Μ.
1226 4115 1255 4167 P.

112 4208 270 4265 Odcscalco.
310 4208 407 4279 Serap.
426 4227 447 4265 s.
466 4210 507 4265 82.
527 4229 554 4265 u.
574 4213 615 4266 57.
