2768 4740
112 269 182 325 1503
655 275 718 337 377

108 448 214 506 Vestra
233 447 391 505 autoritate
412 446 439 504 ri.
460 445 579 505 Brentio
607 452 637 504 ct
658 445 768 505 doctori
792 444 896 515 Fabro
920 446 998 520 quod
1020 446 1067 505 hic
1089 446 1160 506 nihil
1180 447 1260 506 aliud

110 558 269 625 exspectet,
291 569 375 625 quam
397 553 526 611 litteras!

190 656 253 729 Ego
274 654 310 713 dc
332 673 367 715 eo
388 672 501 732 quoqne
523 658 646 729 optarim
667 656 797 732 quaedem
818 656 959 728 conferre,
980 673 1044 716 oum
1064 674 1181 718 venero.
1227 717 1231 724 ,

881 763 1039 836 vergerius
1059 765 1183 823 servitor

925 868 1005 925 utin
1026 866 1141 927 litteris.

651 1121 716 1177 175.

415 1251 541 1338 Verger
564 1274 606 1316 an
630 1253 749 1337 herzog
772 1251 956 1337 Chrisboph.

462 1389 613 1462 Thbingen
634 1392 651 1447 6
673 1389 806 1448 Februar
828 1392 911 1448 1563.

184 1497 258 1565 Uber
271 1510 303 1563 G.
320 1509 445 1579 Weigel;
464 1509 522 1564 sein
542 1510 616 1565 bnoh
635 1527 727 1580 gcgen
748 1509 909 1576 Chizauola3
928 1511 1020 1566 dauht
1037 1513 1082 1567 irir
1099 1512 1262 1582 empiange·

112 1623 158 1659 nes
179 1605 252 1677 guid.

189 1704 384 1763 illustrissime
407 1704 549 1777 Princeps
569 1712 599 1763 et
616 1680 742 1765 'Domine
764 1707 886 1765 Domine
907 1706 1152 1767 clementissime!

191 1809 277 1867 Mitto
298 1808 431 1868 litteras¹
451 1811 479 1866 iu
495 1809 642 1868 Prnssiam
663 1809 849 1884 ablegandos,
870 1828 955 1884 spero
975 1827 1021 1871 me
1042 1811 1190 1884 scripsisse
1210 1829 1260 1885 np-

111 1912 206 1983 posite
226 1913 255 1970 in
277 1930 363 1972 cansa
384 1914 470 1985 iliius,
493 1915 541 1987 qni
561 1915 665 1987 petivit
686 1915 869 1974 collationem
889 1933 952 1974 cnm
973 1916 1002 1977 d.
1018 1915 1147 1974 Brentio.
1179 1915 1261 1974 Sum·

111 2033 156 2075 me
178 2022 231 2086 est,
252 2017 327 2090 quod
351 2018 488 2086 dixerim,
515 2020 562 2091 agi
584 2018 637 2075 hac
657 2018 686 2075 in
708 2033 740 2076 re
761 2019 797 2077 de
819 2019 911 2091 gloria
931 2019 1002 2090 Dei,
1034 2024 1094 2077 turn
1116 2020 1204 2079 etiam
1224 2020 1261 2080 de

111 2123 208 2195 quiete
230 2128 260 2180 et
279 2139 349 2195 pace
371 2124 460 2182 totius
486 2123 657 2195 Germanice,
679 2138 743 2195 quae
764 2123 891 2197 alioquin
912 2140 989 2183 nnnc
1008 2130 1053 2183 est
1074 2126 1181 2198 quieta,
1204 2141 1260 2184 non

111 2242 174 2285 esse
196 2241 265 2300 ergo
286 2227 479 2287 innovandum
499 2227 673 2302 quidquam,
705 2244 742 2287 ne
769 2228 980 2288 conturbentur
1010 2230 1106 2288 omnia
1132 2235 1162 2288 et
1182 2230 1262 2303 Papa

110 2331 280 2403 gratuletur.
322 2331 430 2403 Spero,
458 2349 537 2391 suam
564 2332 785 2391 illustrissimum
815 2332 1012 2392 celsitudinem
1044 2350 1097 2406 pro
1128 2350 1179 2392 sua
1205 2335 1262 2393 cle·

111 2436 221 2493 mentia
240 2436 401 2494 audituram
423 2452 478 2494 me.
511 2437 604 2510 Agarn
626 2443 728 2510 postea
748 2435 886 2511 pluribus,
909 2453 972 2495 oum
992 2438 1048 2497 iste
1065 2437 1107 2496 Μ.
1120 2437 1263 2513 Georgius

111 2540 286 2598 discesserit.

190 2643 295 2718 Spero,
317 2645 392 2718 quod
413 2661 466 2704 sue
486 2644 628 2705 relsitndo
649 2645 764 2705 curabit
784 2646 1004 2719 imprimendum
1024 2647 1208 2720 Regiomonli
1228 2647 1262 2706 li·

111 2748 219 2807 bellum
240 2749 433 2817 Sarouarolee
454 2751 518 2808 misi
540 2751 616 2808 enim
636 2751 694 2809 duo
715 2752 899 2826 exemplaria.

190 2853 297 2912 Vestra
317 2853 515 2913 illustrissima
536 2853 685 2914 Gelsitudo
706 2854 744 2914 sit
771 2855 847 2915 bono
875 2856 979 2914 animo.
1021 2854 1094 2913 Nam
1121 2854 1150 2913 in
1176 2871 1263 2914 causa

111 2958 178 3018 libri
194 2958 287 3017 italici
309 2964 411 3016 contra
431 2963 559 3016 nostram
580 2958 750 3032 religionem
771 2960 871 3031 scripti
893 2960 988 3018 omnia
1007 2964 1132 3034 agentur
1151 2965 1182 3018 et
1202 2976 1262 3018 mo·

111 3062 214 3121 darete
235 3070 266 3120 et
286 3063 342 3135 pie,
364 3079 400 3120 ne
421 3061 550 3132 dubitet3
582 3069 716 3134 exspecto
738 3063 784 3121 hic
805 3063 831 3121 d.
852 3062 1002 3122 Brentinm
1023 3064 1052 3122 in
1074 3063 1150 3133 dies,
1172 3080 1262 3138 quare

111 3175 179 3227 utar
199 3170 262 3240 ejus
282 3167 411 3226 consilio.

190 3272 297 3344 Accepi
319 3290 394 3331 nnuc
415 3272 600 3344 Augustanos
620 3273 745 3344 litteras,
766 3273 863 3345 audio,
885 3272 1036 3333 advenisse
1057 3273 1144 3346 Papae
1165 3283 1196 3334 et
1208 3274 1262 3334 Ve-

111 3384 244 3437 netorum
265 3379 384 3449 legatos,
406 3393 491 3450 quarn
512 3376 549 3434 ob
570 3393 685 3435 cansam
708 3382 789 3436 tento
810 3377 894 3436 citius
917 3378 972 3436 erit
992 3378 1061 3435 mihi
1077 3376 1115 3436 ad
1130 3378 1264 3439 Vestram

111 3482 336 3542 Illustrissimam
358 3480 565 3539 Celsitndinem
586 3482 782 3541 accedendum
803 3499 866 3541 eam
887 3481 923 3541 oh
949 3498 1082 3554 causam,
1110 3500 1195 3558 quam
1216 3499 1262 3543 oo·

112 3604 174 3645 ram
194 3587 295 3646 dicam.

191 3690 280 3750 Pater
307 3691 433 3750 coelestis
461 3690 573 3750 Vestrae
601 3690 806 3750 illustrissime
834 3690 1006 3751 Celsitndiui
1035 3692 1177 3765 rependat
1210 3708 1262 3764 pro

111 3797 220 3870 pietate
242 3803 271 3856 et
292 3798 454 3868 clementia,
476 3813 533 3870 qua
554 3797 646 3855 utitur
666 3812 737 3870 erga
758 3812 803 3855 me
826 3797 940 3855 exulem
961 3795 1031 3856 Jesu
1053 3797 1168 3856 Christi.
1206 3799 1261 3856 Ac·

110 3904 173 3974 cepi
195 3904 271 3960 enim
292 3909 406 3961 centum
426 3920 479 3977 pro
500 3920 560 3975 me,
586 3902 692 3962 deinde
720 3904 793 3962 alios
820 3905 971 3976 sexaginta
990 3920 1042 3976 pro
1063 3904 1262 3976 typographia.

292 4096 296 4105 .
680 4045 694 4077 ᾖ(

184 4155 195 4206 l
220 4153 279 4208 lien
298 4154 373 4210 briei
388 4174 408 4209 s.
422 4155 484 4209 Sixt
501 4174 522 4209 s.
542 4156 593 4210 592
605 4155 623 4211 f.
644 4154 710 4210 beii.
723 4157 773 4220 43;
792 4155 838 4210 die
856 4154 980 4210 nuchhar
998 4154 1144 4209 erwdhube
1163 4155 1264 4210 schrift

111 4241 314 4305 Seronatum,
334 4241 483 4297 vielleicht
499 4241 545 4297 die
564 4242 632 4298 snei
650 4258 706 4297 ron
725 4240 784 4296 ihm
802 4243 842 4296 im
861 4241 961 4296 karher
979 4239 1152 4310 abgaialiten
1170 4241 1264 4298 erisili-

112 4344 224 4398 ruugeu
244 4326 294 4385 des
312 4329 346 4385 32
364 4329 422 4384 und
440 4332 473 4386 51
493 4329 583 4400 psalm
602 4328 656 4384 mit
675 4329 753 4385 einer
773 4327 887 4400 »hagah
906 4329 959 4397 gni
976 4345 1010 4382 au
1027 4326 1137 4383 lobene.
