2768 4740
127 257 195 315 litt
671 269 732 333 339

127 432 205 492 diser
224 433 322 494 seiher
341 434 477 495 billichen
498 437 602 495 melnen
622 438 651 496 in
673 455 720 510 gn.
742 439 862 499 bevelch
884 441 977 502 haben
998 442 1058 502 und
1074 443 1108 503 ll.
1120 443 1154 503 t..
1171 445 1272 518 jeder·

122 538 180 596 neit
201 535 236 595 ir.
267 555 302 596 zu
332 538 457 598 dienuen
487 539 581 599 haben
611 557 662 614 syc
693 560 747 601 uns
779 545 874 616 uillig.
916 545 1021 606 Datum
1052 546 1108 608 den
1139 551 1176 607 22
1197 549 1268 610 Maii

122 658 197 700 anno
218 644 265 700 63.

225 745 271 804 Ad
292 746 471 820 Verconium.

200 849 341 910 Sohiehhe
367 852 423 909 ime
448 852 550 911 hiemit
576 855 727 915 schreiben
748 872 784 915 an
806 856 950 933 herzogen
970 875 1025 917 von
1046 859 1189 919 Preussen
1210 861 1269 920 und

122 954 186 1026 copi
207 953 387 1025 desseibigen
407 956 532 1027 inhalts,
563 958 622 1017 und
649 977 715 1032 meg
734 978 793 1019 nun
814 979 847 1020 er
866 962 967 1022 seinen
987 968 1126 1036 nepotten
1147 981 1182 1022 zu
1203 963 1268 1023 dem

122 1059 263 1131 herzogen
285 1058 375 1117 demit
400 1058 590 1136 abieritigen,
619 1063 692 1122 auch
720 1063 770 1122 tiu
798 1065 875 1125 mein
895 1065 1046 1126 schreiben
1067 1084 1103 1125 an
1125 1068 1181 1126 den
1201 1068 1267 1127 her·

121 1177 211 1234 rogen
232 1178 287 1220 von
308 1162 452 1222 Preussen
473 1164 528 1239 bey
549 1168 609 1225 sich
630 1170 659 1227 in
680 1170 793 1242 geheim
815 1170 965 1244 behalteu,
994 1171 1031 1230 ob
1052 1177 1146 1231 certas
1166 1187 1268 1231 causas

121 1267 179 1325 und
199 1265 244 1325 bis
264 1267 311 1326 die
332 1268 441 1340 kunigl.
462 1270 608 1343 Msyestat
628 1275 683 1332 mir
710 1274 762 1333 des
782 1274 924 1335 Schalichi
945 1274 1046 1336 halber
1065 1277 1197 1336 weittern
1218 1276 1267 1334 he·

120 1371 193 1430 richt
214 1372 305 1430 thuet.
645 1389 648 1394 ·

192 1472 269 1529 Alles
287 1473 480 1544 eigenhhndig
501 1492 553 1530 von
572 1476 636 1531 dem
655 1476 759 1549 herzog
776 1476 970 1548 geschrieben.

662 1729 725 1787 183.

419 1859 544 1945 Verger
566 1882 609 1926 an
631 1861 750 1947 herzog
772 1860 959 1947 christoph.

492 1991 642 2066 Ttbinpen
663 1993 700 2050 29
721 1991 781 2051 Mei
804 1993 889 2050 1563.

189 2108 381 2164 Nachrichten
400 2109 469 2164 dber
493 2109 570 2164 seins
596 2109 767 2180 geenndheit
795 2111 853 2165 und
879 2109 947 2166 dher
970 2109 1016 2164 die
1041 2109 1151 2165 abreise
1174 2108 1264 2165 seinos

119 2204 210 2260 nefl'en
230 2203 358 2260 Aurelius
377 2205 451 2262 nach
468 2205 605 2261 Prenlien.

196 2321 394 2380 lllnstrissirne
416 2321 555 2396 Princeps
576 2329 607 2382 et
626 2323 750 2383 Domine
771 2324 893 2384 Domine
915 2322 1159 2383 Clementissimel
1188 2309 1189 2312 ¹

194 2423 295 2497 Spero,
315 2439 362 2483 me
376 2423 464 2485 fuisse
486 2425 655 2502 diligentem
672 2429 704 2486 in
724 2428 947 2501 percunctando,
967 2444 1025 2503 qno
1044 2426 1130 2486 modo
1149 2439 1260 2486 sucees-

116 2528 210 2588 serint
230 2531 338 2602 nnptiae
351 2527 374 2600 ¹,
395 2545 484 2602 qnare
505 2531 670 2592 vehementi
689 2533 792 2592 latitia
812 2531 932 2593 allectus
951 2529 1003 2604 ini,
1029 2547 1093 2591 cnm
1112 2529 1262 2602 audierim,

114 2631 211 2691 omnia
231 2647 368 2706 prospero
389 2632 569 2704 successisse,
590 2639 650 2692 tum
672 2633 749 2707 quod
769 2634 808 2693 ad
823 2634 879 2694 Dei
898 2633 1030 2708 gloriam,
1050 2639 1112 2692 tum
1127 2630 1203 2704 quod
1225 2630 1263 2690 ud

114 2733 261 2793 mundum.
302 2734 454 2794 Laudetur
473 2735 561 2795 Deus.

195 2839 284 2897 Valeo
304 2839 504 2909 mediocriter,
531 2841 588 2897 imo
609 2839 756 2912 aliquanto
776 2841 869 2898 minus
897 2838 981 2906 bene,
1012 2843 1045 2897 ut
1064 2837 1166 2908 dicam,
1185 2837 1263 2913 quod

115 2949 175 3015 est,
204 2950 235 3002 et
255 2943 278 3001 si
298 2942 401 3002 medici
423 2943 549 3001 Helvetii
570 2942 785 3016 consuluerint,
816 2949 848 3001 ut
874 2941 1073 3017 Tuhinpcnsee
1101 2941 1262 3015 consulunt,

117 3061 212 3119 spero,
234 3062 278 3104 me
299 3049 329 3105 ln
349 3046 470 3106 thermis
490 3047 670 3107 Bulensibus
690 3049 847 3108 consistere
868 3049 979 3122 aliquot
1003 3047 1182 3120 septimanis,
1210 3045 1263 3105 sed

116 3145 228 3220 faciam,
249 3149 325 3221 quod
345 3149 486 3208 Dominus
505 3149 699 3224 inspiraverit.

192 3250 271 3309 Nihil
299 3252 379 3311 aliud
406 3259 556 3326 exspecto,
583 3269 668 3325 quam
698 3259 731 3311 nt
760 3253 937 3329 intelligam,
969 3254 1039 3329 quid
1066 3253 1261 3312 Illustrissima

115 3353 266 3414 (lelsitudo
287 3356 391 3415 Vestra
411 3359 549 3416 statuerit
575 3357 612 3416 do
639 3374 703 3416 meo
730 3366 837 3433 nepote
856 3360 887 3419 in
906 3361 1053 3419 Prassiam
1078 3357 1219 3418 mittendo
1231 3355 1260 3430 ¹3

115 3459 164 3520 uhi
191 3461 222 3519 id
251 3461 387 3532 audiero,
417 3465 563 3536 accingam
584 3481 629 3522 me
650 3464 747 3523 itineri
769 3463 927 3523 confestim.
955 3465 1046 3536 'Agat
1066 3463 1262 3522 illustrissima

114 3565 265 3626 celsitudo
285 3565 398 3636 Vestra,
419 3568 496 3640 quod
516 3568 642 3628 libuerit.
683 3568 774 3643 Cupio
794 3568 925 3642 quidem,
953 3572 986 3627 nt
1010 3583 1099 3643 nepos
1119 3568 1260 3639 mittatur,

113 3669 165 3728 sed
186 3676 283 3728 tumen
304 3668 409 3729 Vestra
429 3670 560 3729 voluntas
580 3669 641 3742 frat,
662 3686 719 3729 non
739 3685 812 3743 mea,
833 3671 875 3730 sic
894 3673 970 3730 enim
991 3672 1084 3732 decet.

193 3774 254 3833 Mei
274 3773 402 3847 hospites
422 3774 626 3848 discesserunt,
648 3776 757 3834 relictis
776 3777 883 3851 pueris,
904 3777 953 3851 qui
973 3778 1088 3836 suntin
1109 3775 1260 3836 bonoloco

112 3877 263 3948 collocati,
294 3894 367 3950 quos
396 3894 482 3951 spero
509 3877 691 3950 profecturos
717 3879 755 3939 ad
779 3880 892 3939 landem
915 3871 970 3938 Dei
998 3888 1028 3940 et
1053 3877 1259 3939 ntusuissimu

113 3982 299 4041 Celsilndinis
322 3983 442 4041 Vestrae.
483 3982 541 4042 Det
561 3982 655 4054 Deus,
676 3989 710 4043 ut
728 3984 820 4042 multa
839 4001 914 4057 saepo
934 3983 1098 4056 hujusmodi
1118 3978 1259 4041 conficiat.

679 4115 694 4147 *

182 4216 199 4356 i
219 4213 247 4357 is
264 4234 293 4357 i:
313 4217 373 4357 iii.
394 4303 453 4360 nas.
480 4303 536 4361 nu
553 4303 657 4374 aanor
674 4304 801 4361 cnseret
818 4301 1154 4360 mosomenses.
1179 4299 1240 4357 mn.
