2768 4740
113 264 184 321 1⁵⁶⁸
669 269 711 330 el

113 445 145 498 et
160 438 240 510 eliis,-
257 436 363 511 quibus
372 453 445 511 opus
453 435 551 507 luerit,
573 438 660 495 etium
680 436 768 497 simili
787 433 882 507 edioto
897 452 933 496 eo
945 438 998 497 sub
1013 441 1174 511 sententiis,
1194 456 1263 499 oen·

112 544 188 603 suris
207 548 239 601 et
263 541 360 616 peonis
377 540 581 602 melesiustiois
603 540 772 612 inhibendi,
799 546 956 616 oeteruquu
981 546 1011 603 iu
1038 543 1194 616 premissis
1213 559 1263 603 ne·

113 645 239 707 nossetis
257 662 311 705 sen
321 645 539 718 quomodolibet
549 652 712 721 opportune
731 643 865 719 leniendi,
886 647 1034 706 statuendi
1056 653 1087 706 et
1099 647 1263 708 ordinsudi

113 749 228 822 plenum
247 753 279 810 ot
297 748 421 809 liberem
439 749 599 823 spostolioe
617 750 792 810 auctoritate
819 755 921 810 tenore
948 752 1134 822 presentium
1161 767 1263 812 nonce-

112 852 207 913 diruus
225 851 394 913 iuonltutem
414 859 445 914 et
464 858 656 927 ueternum,
676 869 734 913 non
754 852 935 913 obstantibus
956 854 1210 915 eonstitutionibus
1230 863 1263 913 et

112 955 342 1019 ordinationibus
367 958 533 1032 apostolicis
553 959 717 1030 esterisque
747 958 901 1018 oontrnriis
929 957 1165 1032 quibuscumque.
1205 959 1263 1019 De·

113 1069 175 1121 tum
196 1069 252 1121 eto
559 1070 565 1081 '
1092 1071 1098 1081 '

663 1338 715 1397 bb.

419 1459 544 1545 Verger
567 1481 609 1525 sn
630 1459 750 1544 herzog
772 1459 958 1545 christoph.

471 1570 608 1629 Obu128
628 1568 799 1644 September
821 1555 905 1629 1553.

183 1672 295 1744 Wegen
307 1672 358 1727 der
370 1669 555 1726 ferreriseben
567 1669 687 1726 heirsth.

184 1767 329 1823 Gedruekt
349 1766 396 1822 bei
414 1765 520 1821 SettIer
540 1765 581 1822 IV
582 1807 588 1831 ‚
610 1773 632 1820 s:
653 1767 696 1822 64.
720 1765 784 1823 boii.
803 1768 846 1822 24.
882 1767 939 1823 Des
963 1769 1085 1839 original
1103 1770 1139 1824 im
1166 1770 1262 1826 archiv

116 1862 192 1918 uiebt
209 1862 290 1918 mehr
307 1860 492 1916 nuizuiinden.
529 1860 584 1916 Der
603 1861 711 1931 uuieug
729 1860 840 1917 scheint
859 1880 893 1916 su
914 1862 1017 1917 iehlen.

189 1961 329 2033 Aperium
358 1960 404 2018 bio
433 1974 562 2018 seorsum
588 1976 651 2018 rem
679 1958 804 2032 aliquem
836 1961 931 2033 megni
961 1962 1108 2019 momenti.
1141 1962 1263 2021 Duoissu

116 2064 283 2124 Ferrarioe¹
303 2080 360 2122 nou
381 2063 474 2122 solnm
493 2062 618 2122 libenter
640 2061 724 2121 duret
747 2061 836 2122 libem
863 2066 1002 2136 majorem
1028 2071 1096 2123 nutu
1127 2066 1155 2124 d.
1182 2064 1263 2125 dnois
1358 2139 1367 2151 .

115 2169 257 2229 Senoniae
277 2168 480 2242 primogenito,
501 2167 552 2225 sed
574 2168 661 2226 etiem
681 2165 765 2225 duret
786 2167 1128 2227 minoremnntuvestroe
1140 2166 1263 2228 Celeitu·

115 2273 186 2333 dinis
197 2271 258 2331 lilio
267 2269 287 2330 ².
309 2272 384 2343 Quin
394 2274 462 2344 seio,
486 2270 587 2330 ducem
604 2273 696 2347 ipsum
706 2270 852 2331 Ferrarioe
864 2271 994 2346 eiusdem
1010 2273 1097 2331 enimi
1117 2289 1189 2346 esse,
1211 2289 1263 2332 suo

116 2377 231 2451 quidem
251 2383 396 2452 tempore,
417 2393 482 2434 nem
503 2377 598 2435 sciunt
617 2374 707 2434 lilium
727 2391 790 2435 esse
812 2380 921 2434 teneres
942 2377 1045 2436 aetntis.
1086 2375 1143 2435 Sed
1163 2376 1263 2436 scribit

115 2480 151 2541 ed
170 2497 218 2540 me
239 2478 362 2552 decime,
383 2486 416 2538 ut
435 2496 524 2554 quum
544 2471 801 2539 udCelsitudinem
811 2479 944 2539 Vestrum
964 2478 1093 2550 rediero,
1127 2480 1261 2553 incipiam

117 2590 231 2644 tentme
253 2584 364 2644 unimus
384 2590 415 2642 et
434 2585 583 2643 materiem
604 2598 779 2658 preparare.
819 2564 977 2642 Rarissimu
1002 2589 1047 2642 est
1068 2599 1103 2642 ee
1122 2583 1263 2654 eonditio;

115 2670 196 2764 pitter
206 2689 314 2762 puellm
325 2689 383 2747 dux
402 2695 448 2746 est
466 2687 544 2746 inter
564 2703 663 2747 omnes
682 2686 775 2747 ltelise
791 2687 936 2761 principes
946 2686 1138 2747 nobilissimus
1149 2692 1178 2745 et
1194 2684 1261 2746 doo-

115 2795 258 2866 tissimus,
289 2798 385 2853 meter
413 2791 490 2865 regis
511 2791 669 2852 Gellierum
699 2789 777 2864 filie,
808 2793 861 2850 dos
880 2792 1001 2851 murima
1014 2796 1052 2864 'et
1072 2807 1142 2863 rege
1163 2790 1259 2863 dignu,

115 2899 211 2972 puelle
230 2900 295 2972 ipsu
314 2895 519 2973 formosissime
543 2903 573 2955 et
600 2894 684 2956 uelde
708 2895 783 2955 bene
808 2888 932 2955 edueete
956 2897 986 2953 in
1013 2896 1091 2953 omui
1119 2895 1267 2955 virtutum,

115 3019 228 3076 genere.
260 3001 415 3075 Rogundus
428 3006 511 3074 peter
524 3000 650 3061 eoelestis
667 3015 720 3075 per
737 3000 837 3058 Jeenm
848 2998 1002 3059 Christum.
1031 2999 1059 3058 d.
1081 3005 1211 3058 nostrum
1228 3003 1261 3056 ut

115 3105 200 3167 isoint
218 3109 300 3180 ipse,
320 3105 398 3181 quod
417 3105 521 3165 bonum
543 3111 587 3164 est
606 3104 637 3162 in
657 3105 746 3164 oeulis
766 3103 833 3163 suis.
875 3103 976 3163 Corum
999 3103 1131 3177 pluribus
1150 3103 1204 3162 hec
1224 3101 1261 3161 de

115 3229 143 3270 re
162 3227 249 3287 egum
270 3227 335 3270 oum
355 3210 460 3269 Vestro
479 3208 672 3279 celsitudine,
692 3208 740 3268 oui
760 3226 805 3267 me
826 3215 997 3275 reverenter
1018 3206 1194 3268 commendo.

188 3313 287 3374 (luriae
307 3314 475 3374 Blroetorum
496 3310 535 3371 28
555 3311 734 3386 Septembris
757 3312 842 3407 i553.

1016 3414 1182 3486 lotgerius.

673 3610 700 3663 e.

420 3727 544 3813 Verger
566 3747 607 3791 sn
631 3727 750 3810 herzog
773 3725 956 3810 Christoph.

471 3838 551 3898 Obnr
570 3841 608 3897 29
630 3836 802 3912 September
822 3839 908 3897 1⁶53.

174 3943 373 3999 Nnohriohten
392 3942 462 3997 uber
479 3941 527 3997 die
544 3940 687 3997 tilrkisohe
706 3940 795 3996 flotts.

182 4041 388 4101 illustrissime
408 4046 438 4099 et
457 4037 708 4100 Excellentissime
748 4035 871 4098 Domine
892 4036 971 4095 llnrl
1008 4027 1012 4035 '
1228 4112 1229 4116 Ἰ

672 4158 689 4191 ,Ι
718 4155 722 4167 ,

168 4199 185 4334 ἐ
205 4193 441 4349 {bghulrudffieb
460 4279 475 4332 ‘l
493 4278 601 4335 anunr
619 4278 689 4334 1545
706 4277 738 4331 in
756 4272 960 4345 libmpeigurd,
979 4276 996 4340 i
1013 4271 1032 4326 d
1048 4270 1106 4328 tiri
1125 4270 1204 4327 1568.
