2768 4740
115 273 184 329 1559
656 281 718 340 203

113 450 272 505 secretario
294 464 345 505 nus
365 446 484 506 bereloh
505 448 557 508 der
571 449 690 521 kunigin
709 449 765 507 und
781 446 1010 507 derlondt'stend
1025 452 1090 520 ime,
1112 451 1262 523 vergerio,

112 550 203 609 wider
224 552 447 626 nogesolirioben
469 552 595 612 worden.

192 654 338 712 Demnnch
361 671 392 713 so
413 654 452 714 ist
467 672 573 715 unnser
587 657 727 728 guediger
740 656 852 727 borelli,
874 656 900 713 ir
915 658 1048 716 wellendt
1069 659 1174 733 (neben
1197 659 1262 718 dem

113 757 213 815 brobst
242 758 269 816 li.
291 759 383 817 Johan
406 758 540 833 Brontio)
563 777 694 834 eriregen
717 761 774 818 uml
796 760 1001 828 liedenueken‚
1027 779 1084 820 uos
1113 763 1169 823 ime
1191 764 1262 823 Ver·

112 865 194 936 gerlo
214 864 489 923 hinmiderdarnuii'
507 884 542 924 zu
570 867 740 929 schreiben,
773 884 807 923 zu
837 866 939 925 rathen
968 867 1030 925 sein
1059 870 1171 939 mlioht,
1204 869 1262 928 und

117 969 189 1027 euch
212 968 265 1026 mit
285 969 408 1028 selehem
430 986 533 1028 euerm
550 970 718 1029 bedenekerr
736 971 783 1027 bio
799 989 833 1028 zu
851 987 938 1030 unser
954 970 1084 1030 onknnfft
1097 971 1261 1032 dei-messem

115 1073 238 1133 verlasst
270 1075 402 1144 machon,
433 1076 483 1133 dos
513 1077 538 1133 ir
570 1077 635 1135 ooli·
657 1075 709 1136 urii
734 1075 983 1150 rreehstlrunitigen
1011 1082 1126 1147 monteg
1155 1077 1262 1149 gewili-

117 1179 173 1236 lieh
198 1180 349 1252 derwegen
372 1182 494 1239 relation
517 1182 587 1240 tiron
600 1181 743 1253 kenudem
766 1183 908 1240 rerlnssen
928 1182 977 1238 wir
992 1182 1071 1238 nnnss
1090 1181 1262 1252 gnediglieh.

197 1308 300 1366 Datum
323 1307 470 1366 Wilutbad
493 1306 548 1366 den
570 1311 587 1364 3
611 1309 710 1380 ,lppril
731 1325 805 1366 anino
828 1311 873 1368 59.

666 1617 711 1670 79.

420 1743 543 1827 Verger
566 1766 606 1808 an
631 1744 750 1828 herzog
773 1743 957 1830 Christoph.

480 1882 627 1953 loningen
651 1886 688 1940 20
710 1883 793 1955 April
816 1885 899 1940 1559.

187 1996 264 2062 Uber
282 2009 360 2064 seins
380 2009 627 2063 Zunommenkunit
645 2010 698 2064 mit
716 2009 844 2066 Morilleo
869 2010 925 2064 und
949 2009 1012 2065 dem
1032 2008 1193 2078 englieehen
1214 2028 1261 2078 ge·

112 2103 233 2159 sandten
254 2104 362 2159 Mundi.

190 2221 387 2280 illustrissime
411 2222 545 2295 Princeps
567 2231 596 2282 et
620 2222 739 2281 Domine
764 2222 883 2279 Domine
905 2201 1149 2280 clementissime!

191 2322 279 2381 Venit
306 2323 562 2382 reverendissimus
591 2325 722 2383 dominus
747 2323 979 2397 archiepiscopus
1001 2324 1194 2384 Viennensis¹
1215 2323 1262 2399 (ut

112 2427 461 2501 noridixerotlliaoingenr
478 2427 580 2486 etiere
597 2445 649 2499 per
669 2429 813 2500 integrum
835 2427 911 2484 ‹liem
933 2425 1106 2487 contulimus
1127 2429 1162 2486 de
1184 2435 1261 2488 statu

112 2531 270 2604 religionis,
292 2549 356 2602 qum
378 2531 533 2603 diligenter
554 2532 692 2602 scribam,
714 2533 737 2589 si
758 2530 836 2591 forte
856 2532 968 2590 vestre
990 2532 1160 2592 Celsitudini
1183 2532 1261 2592 vide·

112 2635 198 2704 bitur,
220 2651 276 2692 non
300 2652 362 2693 esse
383 2635 453 2692 mihi
475 2638 633 2706 Augustum
656 2636 859 2694 accedendum.
903 2636 964 2694 lloo
984 2654 1058 2695 uuuo
1079 2636 1262 2694 scribendum

111 2741 394 2810 putori‚l1uncnou
417 2758 479 2799 esse
502 2741 690 2814 anoueusem
713 2740 900 2813 episeopmn²
921 2749 969 2800 not
992 2742 1180 2809 l'rnxiuenm,
1211 2741 1262 2800 sed

112 2860 223 2901 summu
244 2845 394 2917 gravitate,
416 2862 577 2916 uragrroune
600 2846 662 2904 zelo
684 2848 711 2902 in
734 2853 847 2902 nostrus
865 2845 1003 2904 ecelesias
1017 2852 1262 2917 tantoquererum

112 2953 277 3006 nostrorum
298 2950 462 3020 cognitione
483 2955 570 3023 utque
592 2950 779 3020 experientia,
801 2951 1017 3021 primipotens,
1040 2966 1103 3008 esse
1118 2950 1147 3007 in
1160 2947 1263 3008 Gnlliis

112 3053 155 3109 sui
176 3053 309 3109 similem.
342 3053 407 3110 Scio
429 3053 504 3125 quod
527 3053 738 3124 noiirlecipior;
760 3071 824 3125 qum
839 3069 906 3110 voro
922 3053 1137 3122 contulerimus,
1158 3053 1264 3113 Vestro

112 3156 263 3214 Celsitudo
285 3155 363 3213 brevi
384 3172 402 3213 a
423 3173 467 3213 me
488 3157 631 3229 intelliget
651 3164 700 3214 aut
722 3158 828 3214 litteris
849 3164 897 3213 out
920 3172 1024 3228 corum,
1046 3163 1078 3214 ut
1099 3157 1168 3214 dixi.

192 3260 371 3318 Secretorius
393 3261 501 3332 regium
527 3261 664 3333 Anglire³
684 3261 769 3320 hodie
791 3262 920 3333 promisit
943 3279 1007 3321 meo
1028 3262 1135 3334 nepoti,
1157 3279 1188 3321 se
1210 3263 1264 3321 lino

114 3368 282 3433 renlnrnrn3
311 3365 484 3435 exspectabo
505 3372 591 3438 ntque
614 3382 676 3422 cmo
698 3383 732 3423 eo
754 3382 868 3438 uinoque
889 3363 1044 3424 conferam.
1085 3364 1143 3423 Sed
1164 3366 1262 3438 aridio,

114 3467 194 3526 illum
218 3467 328 3527 nullum
351 3467 458 3526 habere
480 3469 643 3527 illaudatum
667 3470 702 3526 ile
733 3470 834 3541 renue,
863 3487 926 3542 quae
949 3469 984 3526 uri
1006 3471 1175 3541 religionem
1196 3472 1263 3529 atti-

114 3579 190 3629 nent,
225 3572 376 3631 Puloniens
388 3577 472 3630 etiarn
486 3575 601 3631 nuntius
613 3590 722 3632 meeum
739 3580 792 3639 est,
808 3575 844 3629 de
862 3590 918 3646 quo
934 3572 1026 3630 liabeo
1038 3573 1113 3645 quod
1128 3573 1259 3645 scribom,

186 3787 356 3850 lMorilloo,
376 3805 396 3841 s.
417 3788 456 3842 br.
476 3807 502 3842 11.
523 3791 588 3844 73n.
607 3791 649 3844 80.
671 3792 714 3844 92.

183 3877 244 3957 2S.
272 3875 311 3928 br.
339 3894 365 3927 n.
392 3879 424 3938 l,
452 3895 493 3929 wo
521 3877 564 3929 ein
592 3894 663 3947 ganz
691 3880 807 3934 anderes
832 3878 933 3931 urtheil
962 3877 1029 3930 ribot·
1054 3876 1147 3929 diesen
1175 3892 1258 3928 monn

115 3965 199 4106 mg
220 4052 251 4105 l).
272 4053 421 4121 Christoph
440 4052 554 4106 Mundi.
576 4071 628 4105 ron
648 4052 789 4106 Elisabeth
810 4052 851 4106 ule
870 4053 1019 4119 geeuudter
1038 4069 1098 4103 zum
1117 4049 1261 4117 reiohstug

117 4137 187 4192 noch
207 4139 359 4207 Augebnrg
377 4137 538 4207 geschiekt;
559 4140 613 4208 rgl.
634 4138 672 4192 br.
692 4156 719 4191 n.
738 4139 779 4192 73.
800 4141 841 4192 iso.
862 4139 903 4191 ul.
940 4137 1041 4192 Seinen
1060 4135 1168 4191 bericht
1194 4133 1261 4188 liber

117 4224 188 4280 dioro
207 4225 452 4279 zusammenlunlr
473 4244 492 4278 n.
513 4224 625 4280 Celend.
646 4224 772 4279 esstote
791 4225 900 4293 Pnpere.
928 4222 1047 4295 Foreign
1068 4222 1135 4277 1558
1154 4220 1197 4272 bie
1218 4220 1260 4277 59.

117 4330 135 4364 s.
158 4311 217 4366 225.
