2768 4740
123 248 192 308 titt
686 256 727 316 73

121 430 280 516 parentent.
330 425 412 484 Nunc
440 424 615 492 videbimus,
643 425 666 482 si
694 423 764 484 relit
787 422 932 482 conficere
963 422 1077 495 nuptias
1104 423 1270 482 Bururicar.

124 529 271 587 Praeterea
292 526 380 586 audio
400 527 501 586 ducem
523 528 614 600 ipsum
636 525 794 599 conjecisse
814 526 843 583 in
866 542 1009 586 currerem
1023 528 1085 600 ejus
1097 534 1269 599 consortem,

121 631 188 703 quir
207 629 437 688 constantissime
464 636 581 687 recusat
607 631 720 688 mirsam
748 629 857 689 audire.
899 630 929 688 Si
956 629 1010 689 hoc
1039 629 1145 690 lectum
1171 629 1268 696 luerit.

121 742 198 794 certe
211 750 268 793 uon
282 735 338 793 erit
350 733 563 794 sineconseosu
578 734 654 807 regis
672 734 833 806 Gallorum3
854 736 974 794 moritus
994 737 1070 796 enini
1091 754 1147 797 non
1167 735 1269 798 luisset

121 853 206 897 euros
226 836 301 895 hunc
320 838 454 910 iujuriam
482 836 564 895 uxori
592 835 709 896 inferre.
750 837 788 895 Et
815 839 839 896 si
864 854 915 897 rex
942 841 1101 911 consensit,
1131 841 1267 902 indicium
1346 860 1348 867 ’

122 949 173 1010 eet,
193 940 274 1001 illurn
295 943 369 1000 velle
391 944 505 1000 omnino
526 942 686 1001 arctissimo
706 939 816 1001 loedere
841 960 872 1001 oc
893 945 1069 1017 conjungere
1097 962 1159 1003 cum
1180 945 1267 1018 Pam,

120 1048 200 1120 cujus
231 1047 274 1105 rei
304 1045 395 1106 multu
414 1045 506 1106 habeo
533 1046 649 1106 indicio.
690 1046 846 1119 Rognndus
867 1047 961 1118 Deus,
993 1054 1024 1106 ut
1052 1048 1171 1125 dissipet
1198 1050 1268 1108 tolia

120 1152 246 1211 consilia.
280 1152 364 1211 Volui
386 1151 490 1210 nudius
511 1152 623 1223 tertius,
645 1151 694 1223 qui
715 1156 778 1209 erat
791 1151 855 1210 dies
873 1151 1039 1224 dominicus,
1061 1154 1169 1224 ridere,
1190 1171 1268 1228 quae·

121 1272 184 1315 uum
206 1261 284 1315 esset
303 1254 467 1329 frequentia
487 1257 515 1315 in
538 1257 665 1315 ecclesiis
679 1256 833 1332 papistiois,
854 1258 882 1315 in
895 1256 987 1315 tribus
1006 1275 1073 1317 vero
1089 1258 1162 1318 horu
1175 1259 1267 1319 missae

120 1363 267 1420 uumernri
279 1360 363 1419 XXX
384 1362 459 1420 uiros
481 1367 507 1419 ot
531 1361 648 1418 circiter
665 1356 847 1430 Llemellns3
869 1360 905 1416 sit
927 1376 1029 1419 nomen
1047 1360 1160 1420 ltomini
1181 1362 1267 1421 bene·

121 1465 236 1524 dictum.

199 1569 260 1627 Oro
281 1569 427 1628 coelestem
452 1577 582 1642 putrem,
615 1576 643 1626 ut
677 1569 884 1628 celsitudinem
906 1569 994 1627 'snum
1023 1568 1072 1627 dio
1101 1578 1197 1629 servet
1223 1569 1267 1628 in·

122 1674 261 1762 columem
282 1691 335 1747 per
356 1673 499 1731 Christum
532 1673 675 1732 dominnm
704 1679 841 1732 nostrum.
884 1674 1058 1733 Commendo
1086 1691 1130 1731 mc
1158 1673 1200 1732 illi
1222 1691 1267 1731 re-

120 1786 264 1836 verenter.

196 1883 365 1954 Argentium
387 1885 423 1939 23
445 1880 507 1938 Oct.
531 1881 615 1939 root.

1021 1988 1187 2058 Vergerius.

207 2089 322 2144 Sodann
353 2107 405 2144 rou
435 2090 483 2145 deu
513 2089 627 2159 herzoge
655 2089 743 2144 hund:
782 2091 854 2145 Hore
879 2108 956 2162 geru,
983 2092 1032 2146 dno
1057 2108 1086 2145 er
1114 2090 1263 2146 dormaton

122 2175 147 2228 in
173 2180 269 2245 gotter
295 2176 397 2231 sochen
424 2176 548 2232 orbnitte
574 2195 606 2230 zu
631 2177 783 2247 erbawuug
806 2177 895 2233 reiuer
913 2178 1042 2240 lrirchen;
1071 2177 1127 2233 hnb
1152 2177 1204 2231 mir
1228 2176 1265 2230 im

119 2263 282 2319 Scheubuch
303 2264 351 2319 niu
370 2264 549 2336 cathalogum
570 2264 754 2319 hereticorum
781 2265 836 2318 und
854 2265 964 2335 pupiute
983 2264 1166 2334 Somiemtl't]
1185 2281 1214 2317 so
1233 2280 1265 2316 nn

120 2348 271 2419 Muylundt
295 2351 448 2422 publiciert
472 2368 535 2420 reye
554 2351 668 2405 worden
694 2368 726 2403 zu
754 2349 837 2405 sehon
865 2352 972 2421 geben,
1000 2350 1081 2406 molle
1108 2350 1162 2404 mir
1185 2348 1267 2419 copie

118 2437 223 2493 durvon
243 2439 432 2494 znlrhommeu
450 2439 550 2495 lamen.

672 2707 716 2762 13.

419 2805 547 2893 Herzog
570 2808 742 2892 Christoph
767 2831 809 2873 an
833 2806 967 2892 Verger.

458 2920 602 2994 stuttgart
623 2925 640 2979 6
660 2921 826 2980 November
848 2923 932 2978 1554.

184 3022 318 3076 hutnort
338 3023 389 3075 nuf
405 3041 431 3075 u.
454 3022 493 3077 12.
532 3024 620 3078 Bittet
640 3043 684 3078 orn
705 3025 758 3079 den
779 3023 929 3093 Catulogun
947 3021 1146 3077 hereticorum.

205 3117 261 3176 Dei
291 3119 386 3190 gratia
413 3119 636 3192 Christophorus
666 3120 729 3177 ltux
751 3120 1023 3192 l'uirtenbergensis
1044 3126 1098 3178 etr.

206 3221 237 3278 S.
270 3222 355 3294 Quod
386 3232 416 3280 tn
455 3225 482 3279 in
519 3223 636 3294 negotio
667 3223 775 3281 timisti
803 3224 891 3281 nostri
931 3221 982 3299 [se.
1013 3221 1132 3296 domini]
1169 3223 1265 3295 singu·

115 3327 218 3384 loriter
239 3326 377 3397 allectus,
399 3335 428 3385 et
448 3329 484 3386 nrl
509 3328 730 3400 promovendum
759 3346 792 3385 ac
819 3327 1001 3400 plantandam
1029 3329 1091 3401 ejus
1112 3325 1262 3384 ecclesium

113 3430 259 3491 desudare
280 3433 364 3502 soles,
386 3436 429 3491 vir
449 3435 639 3506 ornatissime,
661 3452 696 3492 ex
717 3436 774 3493 tuis
795 3435 901 3493 litteris
921 3434 958 3493 ud
980 3450 1039 3504 uoS,
1061 3449 1125 3506 quae
1148 3434 1183 3489 23
1208 3432 1262 3490 Oc·

114 3611 247 3666 rerunehe
267 3612 368 3674 michir,
387 3633 416 3664 uo
429 3613 512 3668 sollte
525 3632 589 3667 maun
610 3634 642 3668 zu
656 3616 874 3686 zweugrgruden
888 3614 1035 3669 schreiteu.
1065 3614 1116 3667 Die
1130 3612 1263 3681 herzogiu

114 3698 189 3754 hlieb
210 3698 375 3754 elundhuft:
400 3700 439 3754 sie
459 3699 601 3756 heichtete
620 3702 707 3764 nicht,
727 3702 796 3773 giug
816 3703 893 3757 nicht
912 3721 959 3757 zur
978 3720 1082 3766 messe3
1107 3702 1143 3756 du
1161 3701 1263 3756 eohritt

115 3785 253 3841 Herlrulee
273 3804 306 3839 zu
325 3787 623 3857 gewnltemuusregeln.
663 3789 693 3842 11
713 3788 877 3858 September
899 3792 964 3845 1551
988 3790 1045 3845 tiett
1073 3808 1102 3844 er
1121 3789 1195 3844 minc
1214 3803 1267 3857 ge·

112 3873 218 3927 muhlin
240 3874 294 3927 mit
313 3874 379 3928 nwei
399 3874 473 3928 ihrer
492 3874 589 3928 frnuen
608 3873 637 3927 in
656 3876 705 3928 dns
724 3875 783 3930 alte
801 3875 904 3931 rchloer
924 3877 1128 3945 Eutebringeu,
1147 3877 1196 3930 dur
1218 3876 1262 3929 ihr

112 3960 152 4014 nlo
179 3961 347 4030 gellingniss
376 3961 475 4015 dienen
502 3961 599 4024 collem
627 3963 686 4016 ihre
714 3964 824 4018 tdchter
849 3965 962 4019 wurdeu
988 3983 1043 4018 von
1068 3964 1112 4017 ihr
1130 3964 1263 4031 getrenut

113 4048 169 4101 nud
188 4066 264 4119 gouz
281 4048 493 4117 nbgenchlomeu
516 4068 567 4102 von
587 4050 685 4112 denen,
705 4051 808 4106 welche
827 4051 871 4104 ihr
889 4052 1026 4120 etiirkung
1040 4049 1157 4116 bringen
1172 4049 1261 4102 konn-

71 4139 73 4142 ’
113 4136 174 4197 hen,
207 4136 266 4205 gub
287 4135 397 4191 lieuato
416 4137 488 4190 noch
509 4138 564 4190 oud
582 4138 682 4192 eeudte
701 4139 734 4193 23
753 4139 916 4209 September
935 4138 1007 4193 noch
1027 4137 1118 4192 einem
1138 4135 1261 4191 katholi-

112 4221 195 4278 schen
215 4222 353 4292 priester3
380 4226 389 4276 1
413 4223 566 4279 December
584 4225 677 4280 wurde
696 4226 735 4280 eie
754 4225 857 4281 wieder
875 4225 904 4278 in
923 4225 1004 4280 ihren
1023 4223 1127 4294 pellunt
1146 4222 1260 4278 zurilclt-

113 4308 240 4364 beroien.
278 4311 398 4382 Herzog,
417 4312 701 4382 Realeuoylrlopddie‚
719 4313 809 4382 suppl.
827 4313 862 4377 11,
881 4313 929 4368 631
951 4313 969 4366 l.
