2768 4740
118 261 183 316 1555
664 265 723 326 its

113 435 220 504 causis,
246 439 306 492 tum
326 435 448 492 maxime
470 433 594 490 ommam
616 434 733 505 pietatis
754 435 868 492 nomine
891 434 1050 510 diligenter
1070 435 1263 500 commendas,

114 545 224 610 petens,
246 544 287 608 ut,
309 555 372 597 cnm
393 541 417 596 is
433 545 568 611 tanquam
583 553 680 595 verum
698 539 857 597 membrum
872 539 1002 598 ecelesiae
1017 540 1123 626 (lhristi
1144 545 1265 613 propter

113 644 252 702 sinceram
269 644 411 715 evangelii
432 640 638 714 professionem
660 642 688 699 in
706 643 792 701 ltalia
811 651 870 702 tam
885 646 953 702 vite
973 663 1057 718 quam
1083 644 1263 704 fortunarum

113 748 230 805 summis
250 747 411 821 quibusque
432 747 569 819 periculis
590 747 627 804 sit
648 747 795 818 expositus
816 754 902 822 atquo
924 765 987 807 eam
1009 750 1046 808 ob
1066 766 1180 809 cansam
1194 749 1263 808 inde

113 855 142 911 in
163 853 239 911 hune
259 852 438 911 celsitudinis
458 868 518 910 snae
539 852 689 921 ducatum,
720 850 786 925 (ubi
810 869 840 910 se
861 869 936 912 *oum
964 856 1024 912 suis
1043 856 1178 914 tutiorem
1200 853 1262 914 tore

113 957 224 1032 sperat)
245 959 369 1029 migrare
390 957 497 1030 cupiet,
519 974 584 1015 enm
606 957 763 1015 elementer
783 957 1042 1031 admittereeique
1063 959 1115 1016 sub
1131 976 1184 1018 sua
1198 976 1262 1033 pro-

112 1063 240 1120 tectione
261 1064 436 1122 securiorem
456 1062 581 1135 propriis
607 1063 739 1119 nimirum
765 1062 926 1135 sumptibus
946 1063 1059 1121 vivendi
1083 1066 1176 1123 locum
1198 1081 1263 1124 con·

115 1166 220 1225 cedere
242 1167 412 1242 dignaretur
434 1174 489 1225 ete.

199 1271 334 1342 Quemvis
362 1288 431 1330 vcro
461 1288 520 1328 snae
550 1271 714 1330 eelsitudini
742 1272 815 1329 hanc
842 1279 965 1332 vestram
995 1276 1164 1346 petitionem
1196 1274 1263 1332 dili-

112 1375 229 1447 gentins
251 1375 417 1434 discutienti
439 1384 467 1435 et
489 1377 679 1448 perpendenti
701 1395 757 1434 non
779 1378 857 1434 leves
879 1380 1170 1449 causaeoccmrerim,
1194 1396 1263 1451 qua·

114 1485 236 1552 propt-er
255 1482 283 1536 in
306 1480 359 1536 hoc
387 1482 531 1552 precipue
559 1497 654 1539 rerum
684 1487 760 1539 stetu
783 1483 874 1539 risum
902 1488 942 1538 est
973 1500 1065 1555 neque
1094 1500 1153 1541 snae
1179 1484 1264 1540 celsi·

114 1584 208 1641 tudini
231 1584 301 1641 satis
322 1590 414 1642 tutum
443 1585 478 1641 de
507 1584 630 1657 hospitio
657 1585 725 1644 dicti
753 1587 865 1644 comitis
892 1587 1000 1659 aliquid
1027 1588 1097 1645 certi
1124 1594 1262 1659 statuere,

116 1704 210 1760 neque
234 1688 287 1760 ipsi
308 1689 404 1746 comiti
426 1689 584 1746 consultum
597 1689 668 1759 love,
682 1689 754 1747 lianc
768 1690 976 1762 protectionem
993 1694 1145 1765 suscipere,
1167 1697 1262 1750 temen

113 1792 240 1852 adducta
260 1795 364 1849 vestris
385 1793 678 1852 commemlationibus
700 1811 761 1852 enm
783 1803 903 1868 propter
920 1797 1009 1868 ipsius
1023 1813 1056 1853 ac
1068 1794 1184 1853 familiae
1200 1799 1263 1868 ejus

113 1899 304 1969 honestatem,
327 1904 386 1954 tum
408 1897 584 1968 potissimum
606 1913 702 1955 veram
729 1899 871 1970 evangelii
894 1899 1052 1957 doctrinam
1075 1907 1103 1957 et
1124 1903 1262 1973 cognitio·

112 2018 178 2059 nem
199 2000 251 2058 filii
274 2001 327 2058 Dei
349 1999 613 2073 confessionemque
630 2001 750 2059 nominis
765 2009 794 2058 et
807 2003 908 2074 gloriae
926 2002 1025 2075 ipsius,
1045 2011 1166 2077 propter·
1177 2022 1262 2076 quem

112 2109 206 2179 magis
226 2107 296 2164 lonis
317 2106 383 2164 exul
404 2122 488 2179 quem
510 2106 587 2164 domi
609 2106 756 2178 magnilica
777 2107 865 2166 vitam
887 2125 949 2165 cum
971 2109 1031 2167 suis
1045 2110 1152 2182 degere
1166 2113 1263 2185 cupiat

113 2229 148 2270 ac
168 2219 311 2286 praeterea
328 2213 483 2270 ebornino
504 2212 647 2271 salvatore
668 2218 766 2271 nostro
787 2213 920 2271 ominibus
940 2214 1102 2275 christianis
1123 2234 1179 2275 non
1200 2224 1263 2275 tan·

113 2327 174 2376 tum
195 2319 232 2376 sit
254 2317 437 2384 mandatnm,
469 2317 520 2375 sed
549 2319 635 2376 etiam
666 2317 772 2375 caritas
796 2317 954 2377 christiana
983 2325 1012 2376 et
1039 2319 1169 2379 fraterne
1196 2338 1261 2380 con-

110 2426 225 2496 junctio
246 2424 299 2482 hoe
320 2425 425 2496 exiget,
447 2429 479 2481 at
499 2425 658 2495 praesertim
680 2440 754 2481 verae
776 2425 904 2482 ecclesiae
926 2424 1072 2496 membre,
1102 2427 1192 2484 sicubi
1213 2443 1262 2485 ne-

115 2531 234 2588 cessitas
255 2529 391 2600 postulat,
415 2535 472 2586 tam
494 2528 618 2600 hospitio
639 2545 721 2600 quem
743 2531 922 2599 protectione
938 2529 1089 2601 benignius
1105 2532 1262 2603 suscipien-

115 2645 162 2693 tur
182 2651 216 2692 ao
235 2635 264 2691 in
287 2635 340 2692 hoc
360 2650 522 2692 aerumnoso
543 2632 648 2690 saeculo
669 2640 905 2705 promoveantur,
938 2635 1030 2693 noluit
1050 2652 1102 2693 sua
1122 2636 1262 2695 celsitudo

115 2739 181 2797 huic
203 2744 306 2797 veetrae
328 2738 463 2810 petitioni
484 2755 616 2797 renuere.
649 2739 744 2809 Quare
766 2739 789 2796 si
811 2754 863 2810 pro
881 2745 976 2798 vestro
998 2756 1068 2813 erge
1086 2740 1194 2800 dietum
1215 2758 1261 2800 co·

115 2846 213 2902 mitem
234 2859 332 2902 amore
354 2849 383 2900 et
404 2843 500 2901 studio
520 2850 648 2902 statuere
668 2843 831 2916 potueritis,
851 2844 1004 2917 hospitium
1029 2846 1057 2903 in
1080 2845 1135 2904 hoo
1156 2845 1261 2906 ducatu

115 2947 397 3020 Whrttembevgensi
418 2948 561 3021 hujusque
581 2949 735 3021 provinciae
764 2963 858 3005 mores
885 2947 927 3006 illi
956 2965 1010 3006 non
1039 2947 1101 3008 iore
1121 2949 1261 3025 ingratos,

115 3054 190 3112 lrend
212 3060 328 3112 recusat
349 3053 578 3122 suanahildem,
606 3054 674 3124 quin
697 3052 738 3109 illi
761 3068 812 3110 suo
834 3054 946 3111 nomine
968 3051 1151 3124 significetis,
1164 3065 1166 3072 ’
1181 3071 1261 3114 suem

113 3159 322 3231 celsitudinem,
344 3176 401 3231 (quo
422 3157 510 3215 debet
531 3158 687 3216 christiano
701 3157 911 3228 benevolentia,
933 3160 1024 3231 ipsum
1043 3176 1106 3217 eum
1124 3161 1183 3219 suis
1203 3179 1262 3220 me·

115 3264 204 3322 diocri
236 3270 331 3321 tamen
361 3263 470 3321 familie
497 3265 632 3335 stipatum
662 3263 787 3321 libenter
812 3270 841 3322 et
867 3263 1007 3323 benevolo
1028 3265 1124 3323 animo
1145 3282 1261 3341 suscep·

116 3378 220 3441 turam,
242 3385 278 3427 ea
297 3376 394 3428 autem
415 3369 594 3440 conditione,
622 3377 655 3427 nt
676 3368 762 3445 (siout
782 3370 902 3427 ducatus
922 3369 1008 3442 hujus
1028 3369 1086 3428 lert
1105 3372 1263 3431 communis

116 3476 162 3531 lex
184 3481 215 3531 et
236 3476 430 3549 consuetudo)
452 3474 487 3532 de
509 3492 560 3532 sno
583 3481 612 3531 et
633 3477 757 3550 propriis
777 3473 936 3546 sumptibus
957 3474 987 3531 in
1008 3474 1104 3547 aliquo
1125 3484 1204 3537 certo
1224 3479 1262 3536 ad

115 3579 193 3637 illius
215 3578 367 3652 placitum,
390 3585 527 3651 quandum
550 3578 612 3636 lieri
633 3581 757 3651 poterit,
787 3578 829 3635 illi
851 3578 1022 3637 destinando
1042 3581 1106 3638 loco
1128 3599 1191 3641 eum
1212 3600 1264 3641 sue

114 3683 222 3741 familia
243 3684 329 3747 vivat,
351 3700 470 3755 eamque
493 3689 525 3739 ut
545 3683 650 3755 hospes
671 3683 834 3742 celsitudini
855 3700 914 3740 snae
934 3691 964 3741 et
984 3684 1108 3744 subditis
1125 3688 1188 3756 ejus
1203 3705 1261 3746 mo·

113 3789 235 3847 dentiam
258 3795 289 3846 et
309 3787 520 3845 observantiam
543 3789 695 3860 exhibeat,
725 3808 760 3847 ne
788 3806 840 3847 siin
861 3790 1001 3848 celsitudo
1022 3808 1040 3849 a
1060 3794 1119 3849 suis
1139 3792 1263 3850 subditis

111 3896 191 3966 justu
210 3895 247 3952 ‹le
270 3911 357 3952 cansa
377 3895 503 3964 querelis
524 3901 625 3953 contra
647 3898 737 3968 ipsum
760 3896 803 3952 vel
826 3913 893 3952 suos
912 3901 1057 3967 gravetur.
1089 3896 1128 3952 Et
1148 3898 1171 3953 si
1193 3899 1262 3970 quid

113 4001 305 4072 interipsum
328 4006 357 4056 et
378 4016 428 4057 eos
445 4016 553 4071 onmes,
574 4003 622 4073 qui
643 4000 760 4059 familia
781 4001 870 4073 ipsius
885 4001 1029 4072 conjuncti
1048 4000 1164 4072 inerint,
1186 4003 1264 4061 inter

114 4121 145 4162 se
166 4105 288 4162 invicem
310 4104 357 4161 vel
379 4105 466 4161 etiem
494 4111 596 4162 eontra
619 4104 750 4163 subditos
774 4103 1074 4176 thrttembergenses
1101 4104 1261 4180 discordiae,

115 4210 242 4268 dissidia
265 4211 311 4267 vel
332 4209 426 4267 litium
446 4211 476 4266 in
497 4210 550 4268 hoc
569 4209 684 4277 ducatu,
706 4209 774 4268 dnm
796 4210 824 4267 in
840 4223 875 4265 eo
890 4210 991 4279 egerit,
1012 4207 1087 4266 torte
1106 4212 1263 4283 exorietur,

116 4322 145 4374 nt
167 4318 197 4373 in
218 4315 264 4374 his
285 4313 416 4375 omnibns
430 4316 587 4390 cognitioni
604 4321 633 4374 et
648 4314 850 4388 dijudicationi
872 4313 940 4371 dicti
960 4313 1169 4390 illustri[ssi]mi
1185 4318 1264 4390 prin·
