2768 4740
114 282 184 336 1562
656 288 718 347 467

110 461 183 526 gunt
204 453 367 526 ineuntis,
390 463 509 528 propter
530 456 711 527 evangelium
732 454 918 533 profugorum
935 454 1054 526 dignata
1068 459 1120 524 est,
1143 453 1264 525 triginta

111 557 238 617 florenos
258 558 287 615 in
309 574 383 616 anno
404 574 457 628 pro
477 558 570 616 tribus
591 561 673 615 arinis
695 558 881 627 constituere,
903 563 935 614 ut
949 557 1087 628 'subiuga
1103 558 1173 616 dent
1195 575 1263 630 ope·

110 678 172 719 rum
194 663 308 721 litteris.
350 662 421 720 Cum
444 678 512 719 reru
535 678 611 726 eam,
634 677 718 733 «paam
739 660 819 733 potui
841 678 876 717 ea
896 661 924 717 in
947 678 987 729 re,
1011 660 1189 733 diligentiam
1210 663 1261 720 ad·

111 764 278 834 tribuissem,
300 765 393 823 Deum
408 770 508 832 testor,
531 769 590 821 tres
606 763 755 820 dumtaxat
767 762 896 819 inveniro
919 766 998 834 potni
1021 765 1133 822 idoneae
1156 769 1259 829 atatis,

112 867 183 925 XIV
204 867 315 927 scilieet
336 884 491 937 annorum,
520 870 568 941 ‹pui
589 870 700 940 possint
720 869 757 924 nd
779 867 969 924 ministerium
992 869 1069 926 rerbi
1091 871 1201 928 erudiri
1222 878 1263 928 at·

112 991 169 1045 que
191 976 358 1046 praeparari,
379 980 466 1046 atque
489 974 517 1029 hi
540 990 595 1030 non
619 975 670 1029 nisi
693 979 794 1030 exacta
816 972 910 1030 hieme
932 974 1178 1043 possmrtadesse;
1200 992 1264 1031 narn

112 1079 231 1135 interim
259 1086 435 1136 exercentur
459 1095 476 1135 a
503 1079 671 1150 parentibus
702 1080 729 1135 in
756 1078 919 1136 litterarum
945 1076 1090 1135 radicibus
1118 1079 1265 1151 aliquanto

113 1180 227 1238 meiius.
260 1181 355 1251 Quare
370 1199 435 1240 cum
450 1198 523 1238 arius
544 1181 780 1252 supereminens,
804 1198 859 1238 non
881 1178 996 1239 fuissem
1017 1199 1104 1240 ausus
1125 1199 1179 1255 ego
1200 1184 1263 1258 iab-

113 1286 166 1360 sit)
188 1285 278 1342 alium
299 1287 455 1356 crillooare,
485 1286 534 1358 qui
555 1303 610 1365 ιιοιι
632 1285 734 1344 fuisset
754 1293 805 1344 aut
826 1287 947 1344 ministri
972 1286 1048 1344 tilius
1082 1296 1133 1344 aut
1163 1288 1264 1345 saltem

114 1407 213 1462 nepos.
259 1392 363 1448 Verum
384 1408 448 1448 eum
470 1391 630 1463 precipua,
660 1408 724 1464 nuae
745 1394 782 1449 sit
802 1392 832 1448 in
853 1391 974 1463 erartia,
997 1392 1133 1456 eeclesia.
1161 1409 1264 1464 nempe

118 1496 342 1568 Vicosopranum
362 1497 430 1554 mihi
451 1514 503 1569 per
523 1497 636 1556 iittems
657 1499 875 1569 diligentissime
891 1497 1098 1555 commendarit
1108 1512 1264 1569 pauperem

113 1601 345 1669 adolescentem,
379 1619 434 1660 non
457 1609 553 1660 tamen
574 1603 696 1660 ministri
720 1602 822 1667 filium,
855 1605 902 1673 spui
932 1603 994 1659 iiico
1023 1604 1117 1674 quarti
1139 1602 1175 1659 nb
1197 1602 1265 1659 liin-

114 1705 256 1765 strissirna
277 1707 455 1765 h'elsitudine
479 1707 581 1765 Vestro
601 1707 817 1777 admitteretur,
848 1724 913 1764 enm
934 1725 987 1776 ego
1009 1714 1180 1765 reverenter
1199 1724 1266 1779 pro·

116 1827 192 1881 poue
214 1818 300 1885 atque
323 1811 498 1878 commendo
520 1817 553 1868 nt
573 1812 683 1869 scilicet
704 1829 756 1883 per
777 1819 837 1869 tres
857 1829 948 1869 nmros
973 1814 1092 1882 triginta
1112 1811 1217 1869 hubent
1237 1814 1265 1868 in

115 1931 202 1983 anuo,
223 1923 253 1973 et
274 1916 364 1988 possit
384 1916 487 1974 studiis
509 1916 682 1974 incumbere.
715 1917 834 1987 Quodsi
852 1917 949 1987 piacet
969 1916 1014 1990 (ut
1034 1916 1143 1993 spero),
1165 1916 1265 1987 dignu-

116 2021 197 2077 bitur
215 2022 252 2078 ad
272 2039 355 2079 suum
376 2023 603 2092 dispensatorem
615 2022 826 2096 'lubingeusem
843 2023 913 2080 dare
935 2023 1048 2079 litteras
1069 2026 1099 2077 et
1120 2021 1265 2088 mucidare,

117 2133 151 2184 ut
170 2126 275 2184 loanni
296 2126 332 2184 de
354 2127 515 2200 prepositis
531 2127 633 2185 Rhaeto
648 2135 780 2185 numeret
801 2134 831 2185 nt
853 2142 949 2199 supra,
971 2125 1134 2198 incipiendo
1154 2142 1172 2183 a
1192 2125 1266 2183 festo

115 2230 210 2288 sancti
238 2230 364 2300 Georgii.
407 2231 479 2288 Nam
510 2232 553 2288 ita
581 2229 776 2288 illustrissimo
805 2230 952 2289 Celsitndo
975 2231 1079 2289 Vestra
1109 2231 1266 2296 coustituit,

117 2334 358 2407 quemadmodum
391 2351 475 2390 uranu
498 2333 642 2392 Wilhelmi
671 2334 782 2390 Garetti
812 2341 977 2391 nnrrotatum
1006 2339 1067 2402 est,
1101 2333 1198 2392 futura
1224 2339 1267 2390 est

118 2438 181 2496 Deo
201 2439 366 2510 gratissima
386 2438 580 2510 eleemosyna.

420 2568 627 2625 illustrissimae
648 2565 833 2624 celsitudinis
855 2567 966 2623 Vestrae

876 2674 1000 2730 servitor
1020 2672 1186 2742 Vergerins.

191 2804 403 2874 lligeuhdndige
422 2803 573 2857 resolution
594 2803 641 2857 des
661 2803 789 2870 herzogs:

192 2891 258 2946 Mau
278 2891 360 2945 muess
382 2892 483 2953 seben,
515 2893 566 2945 wie
585 2891 630 2943 die
650 2890 834 2959 bewilliguug
855 2889 1013 2944 beschehen
1033 2905 1097 2957 seye
1117 2888 1173 2941 nnd
1195 2888 1267 2941 mich

117 2980 227 3035 solches
246 2978 401 3033 beriohten.

191 3066 301 3122 Beieibt
320 3066 373 3135 bey
393 3066 456 3119 dem
485 3064 659 3119 buohstaben
685 3064 733 3119 der
759 3062 961 3133 bewillignng,
988 3062 1064 3114 solen
1091 3061 1162 3114 nueh
1192 3061 1265 3127 gehu

119 3151 287 3223 'Phubiugen
308 3153 344 3207 ad
363 3152 457 3207 studia
476 3152 606 3206 hhomen.
643 3151 716 3205 Wass
738 3152 790 3204 den
810 3154 826 3204 4
845 3150 991 3203 hierinnen
1019 3147 1185 3207 vermeldeb,
1212 3146 1269 3200 die-

119 3239 194 3294 weill
214 3240 306 3295 eruit
325 3241 402 3296 eines
421 3240 564 3311 predigers
583 3258 632 3295 son
652 3239 707 3292 nud
727 3240 795 3292 aber
813 3236 934 3290 zweileln
953 3254 1005 3289 one
1025 3235 1107 3288 deren
1123 3233 1186 3286 noli
1205 3233 1264 3286 sein

121 3327 241 3390 werden,
261 3328 414 3382 darumbeu
434 3327 539 3382 beleibt
558 3344 587 3381 es
608 3327 648 3379 uti
667 3343 759 3394 supra.

192 3414 253 3469 Von
273 3416 390 3469 nuderer
409 3416 485 3469 hand
505 3415 541 3470 ist
561 3415 703 3468 bemerkt:

193 3504 237 3556 lta
256 3502 391 3572 seriptum
412 3505 455 3556 est
472 3502 615 3572 vergerio.

570 3797 579 3807 ,
665 3760 732 3814 247.

430 3887 552 3973 Verger
575 3909 617 3950 ιιιι
640 3887 759 3968 herzog
782 3882 966 3967 Christoph.

547 4019 617 4077 Sine
637 4017 706 4076 dato
727 4026 758 4075 et
777 4017 849 4073 loeo.

495 4119 561 4174 mnu
581 4119 788 4175 October156‘2
808 4117 901 4170 italien.

195 4237 284 4291 uiolet
304 4237 407 4304 herzog
426 4235 589 4303 Christoph,
615 4236 669 4288 dou
690 4232 779 4285 druch
797 4233 887 4285 seiher
906 4227 1105 4297 geonrnmelten
1129 4223 1221 4275 werke
1239 4241 1271 4274 nn

122 4333 323 4388 libernohmen.

1014 4419 1073 4473 gns
