2768 4740
660 261 723 322 273

273 423 460 498 Postscripta.
544 443 548 453 ·

193 554 392 615 illustrissime
412 556 551 630 Princeps
571 565 602 616 et
623 560 744 619 Domine
766 562 887 623 Domine
909 564 1154 626 clementissime!

193 656 368 732 Supervenit
389 679 424 720 ex
445 661 548 721 Galliis
568 664 685 723 tandem
714 667 922 742 (pergratiam
944 671 1012 748 Dei)
1039 688 1121 731 mens
1142 690 1231 746 nepos
1245 675 1264 748 ¹,

112 761 162 834 qui
191 763 307 823 videtur
335 767 403 824 mihi
424 767 532 841 aliquid
563 768 624 828 illie
650 769 685 828 de
713 771 855 844 religione
883 775 1070 835 intellexisse.
1118 776 1264 838 constitui

113 874 180 937 post
200 867 282 926 illam
305 869 436 929 auditum
457 872 557 931 venire
584 876 724 947 perendie
752 878 788 937 ad
810 878 1033 939 illustrissimam
1055 880 1263 943 celsitudinem

112 969 266 1043 Vestram,
297 979 330 1031 nt
350 974 439 1032 etiam
459 975 495 1033 de
522 992 613 1049 regno
634 977 793 1036 Galliarum
821 990 991 1042 reverenter
1019 984 1180 1056 conferam,
1207 1004 1265 1046 non

112 1074 198 1133 modo
219 1075 284 1133 aliis
305 1075 341 1135 de
362 1077 459 1137 rebus.
490 1078 661 1138 Celsitadini
677 1080 790 1140 Ve‘strae
803 1083 1008 1144 illustrissima
1027 1104 1075 1147 me
1095 1096 1265 1149 reverenter

113 1180 292 1238 commendo.

193 1311 300 1369 Datum
321 1311 461 1386 Tubingse
483 1316 500 1371 6
522 1314 592 1373 Julii
616 1317 700 1375 1561.

342 1443 548 1531 illustrissime
569 1445 757 1506 celsitudinis
777 1448 891 1508 Vestrae
911 1451 1037 1511 servitor

1018 1583 1186 1657 Vergerins.

184 1698 364 1771 Bemerkung
384 1701 434 1756 des
452 1701 580 1771 heraogs:
601 1703 726 1759 »bederff
744 1705 801 1759 nite
818 1708 1000 1761 anntwnrtt.«

661 1988 726 2044 117.

420 2121 546 2208 Verger
568 2144 611 2186 an
633 2121 753 2208 herzog
776 2121 961 2210 christoph.

491 2261 642 2336 ranmgen
663 2265 702 2321 20
722 2264 783 2322 suri
805 2268 890 2324 1561.

184 2390 331 2446 Berichtet
349 2391 419 2445 liber
436 2391 519 2446 einen
537 2392 650 2457 beauch,
668 2392 722 2448 den
742 2369 772 2448 er
788 2411 843 2448 von
863 2392 986 2464 Ungnad
1004 2395 1133 2451 erhalten
1153 2395 1212 2452 hat.

194 2515 389 2575 illustrissime
408 2516 548 2590 Princeps
569 2522 599 2576 et
619 2518 742 2575 Domine
762 2518 885 2576 Domine
905 2517 1150 2587 clementissime!

197 2619 269 2678 cnm
289 2620 337 2679 die
357 2620 439 2685 lovis
460 2620 629 2692 Stutgardia
648 2620 851 2694 discessissem,
873 2627 955 2681 recta
971 2622 1097 2683 Uracum
1116 2641 1178 2682 aum
1197 2641 1265 2698 pro-

114 2723 225 2798 iectus,
253 2724 351 2799 inique
372 2725 548 2799 aliquamdiu
570 2742 634 2784 cum
653 2740 794 2799 generoso
815 2727 843 2785 d.
864 2726 1041 2799 Ungnadi0⁸
1060 2733 1144 2800 patre
1165 2733 1196 2788 et
1215 2745 1265 2802 ge·

113 2830 228 2889 nerosis
249 2831 277 2889 d.
298 2829 374 2904 liliis,
397 2847 551 2905 quassum
572 2829 713 2902 hortatus,
733 2838 775 2902 nt,
797 2837 950 2904 antequam
965 2832 1154 2891 industriam
1168 2847 1265 2892 rever·

114 2941 226 3007 tantur,
236 2936 372 2994 Vestram
384 2935 609 2995 illustrissimam
620 2936 829 2996 celsitudinem
843 2937 975 2995 invisunt
996 2935 1091 2994 Hodie
1107 2935 1266 3010 Tubingam

113 3047 267 3113 venerunt,
288 3057 384 3100 arcem
405 3041 554 3112 viderunt,
583 3056 694 3100 mecum
722 3043 820 3115 pransi
845 3048 913 3101 sunt
940 3047 970 3100 et
994 3058 1062 3099 mox
1080 3047 1266 3101 reverterunt

116 3144 253 3205 Uracum.
294 3145 361 3204 Non
382 3144 461 3205 delui
481 3148 511 3204 in
531 3146 589 3204 illis
610 3146 813 3219 suscipiendis,
843 3147 873 3204 iu
898 3145 942 3205 his
962 3162 1026 3219 quas
1046 3146 1145 3219 potui,
1177 3151 1265 3219 atque

115 3266 176 3308 uns
195 3250 316 3308 invitavi
334 3250 445 3324 aliquot
465 3265 501 3307 ex
528 3247 753 3320 professoribus,
784 3250 833 3321 qui
854 3248 941 3307 etiam
960 3263 1017 3306 non
1038 3245 1193 3307 defuerunt
1213 3264 1265 3308 auo

116 3355 223 3428 cilicio,
245 3373 311 3415 nam
330 3356 398 3415 vina
417 3358 558 3413 miserunt
578 3359 609 3412 et
628 3353 803 3413 salutarunt.

196 3460 230 3517 lu
251 3476 360 3520 summa
380 3476 539 3533 generosus
560 3457 587 3516 d.
608 3457 772 3517 Ludovicus
792 3456 849 3528 ait,
876 3472 907 3515 se
934 3455 1042 3516 habere
1062 3456 1092 3515 in
1113 3457 1208 3516 animo
1228 3456 1266 3516 ad

117 3564 345 3624 illustrissimam
366 3562 576 3623 Celsitudinem
595 3563 730 3622 Vestram
758 3561 913 3631 accedere,
938 3569 1092 3635 antequam
1120 3562 1158 3621 ad
1184 3578 1266 3620 snam

116 3672 332 3729 serenissimum
352 3685 451 3743 regem
471 3669 582 3740 redeat,
603 3669 628 3727 si
647 3667 733 3726 modo
753 3682 807 3740 per
827 3666 945 3739 negotia
965 3667 1096 3740 licuerit,
1117 3674 1148 3725 et
1166 3682 1198 3724 se
1218 3682 1266 3724 cn·

117 3781 265 3844 ratarum,
293 3783 327 3833 ut
353 3775 455 3843 liccat,
482 3790 549 3831 nam
572 3773 665 3833 adhuc
684 3778 752 3830 sunt
771 3770 949 3844 inexpedita.
988 3771 1051 3830 Hoc
1075 3769 1175 3843 putavi
1200 3785 1265 3828 ease

117 3879 324 3939 illustrissime
352 3876 523 3938 Celsitndiui
545 3877 657 3936 vestre
686 3874 921 3950 significandum,
949 3876 994 3934 cui
1025 3891 1070 3933 me
1097 3881 1266 3934 reverenter

690 4008 705 4043 *

192 4114 250 4171 1s.
270 4132 298 4169 n.
318 4115 367 4170 107
386 4113 446 4169 und
465 4115 523 4171 114.

190 4203 207 4255 2
226 4201 253 4256 S.
273 4203 315 4257 br.
334 4220 362 4257 n.
380 4202 423 4258 30.

170 4303 265 4358 verger
