2768 4740
68 316 136 371 1562
523 331 532 338 '
610 322 672 381 357
772 343 777 356 s

144 491 177 549 ln
199 488 307 549 eisdem
330 488 517 550 Galsitudinis
539 491 651 548 Vestra
672 491 875 549 illustrissima
897 490 1004 549 littaris
1025 499 1087 550 erat
1108 494 1217 551 mentio

66 595 103 654 de
124 603 243 669 pastore
264 595 293 651 in
305 594 420 654 Lnsnao
441 598 470 654 in
492 612 636 654 carcerem
654 598 794 668 conjecto,
816 603 847 654 et
863 594 938 669 qnod
950 594 1099 655 Celsitudo
1111 595 1216 656 Vestra

65 698 172 769 nollet,
194 704 226 756 nt
248 713 398 770 pergerem
421 700 566 773 quippiam
589 701 624 756 de
647 697 765 756 doctore
787 699 952 758 Scalichio¹
973 701 1107 759 scribere.
1129 739 1131 743 -
1150 699 1215 758 Non

66 809 110 862 est
131 803 258 872 dubium,
282 804 350 875 (prin
371 801 421 859 illa
442 803 529 873 possit
546 817 655 859 utacum
671 803 775 872 omnia,
796 806 907 858 lantum
929 810 1006 876 pcto,
1028 808 1060 860 nt
1081 803 1216 875 dignetur

64 925 155 967 meam
177 909 394 967 instructionem
416 907 529 978 legero,
560 923 644 980 quam
665 884 709 965 sel
730 909 840 966 mittam
862 906 907 964 vel
927 905 1058 973 afferam
1080 909 1152 967 sciat
1171 909 1214 966 in·

67 1020 156 1083 terea,
179 1013 389 1071 commissarios
411 1011 560 1083 delegatos
582 1008 762 1083 magnificum
783 1012 810 1069 d.
830 1010 1073 1084 Ghiltlingherum
1095 1021 1125 1071 et
1144 1014 1216 1073 alios

65 1121 183 1192 scripto,
204 1117 280 1190 quod
301 1132 389 1187 penes
411 1132 455 1174 mo
478 1115 578 1186 babeo,
602 1116 789 1175 disertissime
811 1132 890 1174 suam
914 1116 1077 1175 declarasse
1099 1120 1214 1177 nomine

66 1222 272 1281 illustrissimae
295 1219 481 1278 Colsitndinis
504 1219 614 1277 Vestrae
636 1221 823 1288 senteutiam,
857 1229 887 1277 ut
908 1219 1020 1277 scilicet
1039 1220 1126 1279 liceat
1146 1221 1214 1279 mibi

66 1326 102 1382 de
124 1324 216 1383 titulis
236 1324 314 1381 illins
336 1321 457 1381 hominis
478 1320 613 1387 scribere,
636 1338 700 1394 qnae
723 1321 855 1389 noluero,
885 1323 969 1382 ruodo
991 1332 1056 1383 utar
1076 1325 1214 1384 modestis

66 1429 168 1489 verbis.
210 1428 239 1486 Si
261 1444 329 1486 vero
352 1426 499 1485 celsitudo
523 1426 625 1484 Vestra
646 1425 844 1484 Illustrissirna
864 1428 988 1487 voluerit
1015 1428 1044 1486 id
1066 1445 1212 1501 revocare,

65 1552 118 1608 per
138 1551 184 1591 rna
207 1549 262 1590 non
285 1533 394 1599 deerit,
425 1532 491 1604 quin
518 1530 664 1602 obadiam3
697 1532 813 1591 mnrrdet
835 1533 932 1605 modo,
963 1537 1027 1592 nain
1050 1535 1213 1596 exonerabo

67 1653 158 1695 meam
181 1637 393 1694 comedentium.
436 1637 491 1694 Sed
514 1638 628 1694 interim
649 1635 678 1694 id
707 1637 854 1695 dumtaxat
883 1646 969 1709 pato,
1005 1644 1037 1721 nt
1063 1640 1214 1699 instructio

64 1757 128 1800 ursa
152 1739 350 1814 expendatur,
384 1746 414 1798 at
440 1740 524 1798 simul
550 1740 692 1813 quomodo
721 1741 808 1799 sein
836 1742 904 1799 aula
924 1741 1112 1812 illustrissimi
1133 1744 1213 1802 ducis

64 1844 189 1902 Prusaiae
215 1850 298 1914 gerat
320 1842 420 1901 doctor
441 1842 613 1912 Scaliclrina3
645 1845 758 1915 scripsit
783 1846 858 1902 eninr
887 1852 986 1904 contra
1013 1847 1212 1906 illustrissima

66 1966 125 2007 sure
148 1946 326 2006 celsitudinis
348 1946 488 2005 medicum
509 1948 810 2007 maledicentissimum
832 1947 975 2022 libellum,
997 1968 1081 2024 quam
1103 1954 1213 2011 curarit

65 2051 300 2126 imprimendum;
329 2050 434 2109 deinde
455 2067 555 2110 onmes
575 2068 670 2119 oreos,
699 2051 838 2124 imprimis
865 2068 937 2125 quos
963 2054 1024 2113 illic
1049 2054 1141 2114 habeo
1163 2072 1212 2115 ne·

64 2165 157 2230 potes,
179 2151 382 2229 superbissime
403 2157 550 2230 (quantum
573 2158 600 2214 in
623 2173 654 2214 se
669 2156 725 2232 est)
743 2156 897 2229 conculcat,
920 2138 951 2217 et
964 2158 1129 2233 magnificus
1143 2159 1212 2218 baro

63 2264 90 2319 d.
113 2261 299 2333 unguiculas,
322 2278 404 2333 urnam
427 2263 484 2320 scio
507 2277 569 2319 esso
593 2262 655 2332 cjus
677 2267 886 2334 promotorem,
913 2262 969 2322 ista
990 2280 1046 2323 non
1068 2265 1129 2323 vult
1149 2281 1210 2325 crs·

61 2368 141 2425 dere.
190 2366 305 2424 Summa
330 2381 519 2435 summarum,
550 2367 574 2423 si
601 2366 705 2425 Vestra
731 2365 880 2426 celsitudo
908 2365 1076 2439 dignabitur
1100 2370 1211 2442 legare,

62 2488 126 2545 qna
148 2472 258 2530 mittam
280 2471 327 2528 vel
347 2468 467 2528 scribam
489 2485 541 2540 pro
561 2467 774 2539 informatione,
796 2469 870 2528 bene
891 2468 1021 2542 quldem;
1044 2472 1088 2529 sin
1109 2473 1210 2543 minus,

61 2577 215 2635 abstinebo
236 2576 341 2633 clausis
362 2574 471 2644 oculis,
502 2573 553 2631 sed
574 2589 677 2645 sparo,
709 2573 788 2631 illam
808 2590 861 2645 pro
882 2590 933 2631 sua
957 2575 1072 2646 justitia
1093 2574 1210 2633 minime

62 2687 233 2754 negaturum
254 2678 488 2737 informationem
511 2677 625 2748 ridere3
647 2676 719 2734 illud
740 2675 860 2749 affirmo,
883 2694 939 2735 non
961 2680 1064 2737 esseio
1078 2685 1211 2738 tototer·

62 2803 158 2844 rarum
180 2784 249 2843 orbe
271 2783 424 2853 hominem,
446 2782 494 2855 qui
517 2782 607 2854 magis
628 2782 725 2854 cupiat
740 2781 791 2839 ulli
806 2782 972 2840 mortalium
986 2799 1211 2855 moremgarere

63 2898 93 2950 et
113 2889 249 2959 obedire,
277 2905 360 2962 qnam
382 2902 436 2958 ego
460 2887 571 2944 Vestra
593 2886 764 2946 Gelsitudiui
785 2887 1002 2960 illustrissima,
1024 2887 1103 2946 Deus
1123 2891 1211 2948 novit

61 2996 180 3055 Interea
201 2995 268 3052 dnm
288 3010 305 3050 a
325 2992 481 3065 scriptione
502 2997 604 3050 contra
622 2992 723 3050 titulos
743 2992 821 3050 illins
842 2991 967 3051 doctoris
992 2992 1138 3066 abstineo,
1167 2995 1210 3051 in·

61 3097 262 3159 formationem
284 3114 353 3171 paro
376 3098 446 3156 satis
466 3097 592 3155 brevem.

140 3203 272 3262 Thermae
294 3203 429 3261 videntur
450 3202 517 3261 mibi
540 3202 642 3260 saltam
664 3218 720 3259 non
742 3203 888 3273 nocuisse,
910 3203 934 3260 si
955 3218 1010 3261 non
1032 3200 1210 3276 profuerunt,

62 3306 177 3365 llomini
198 3307 330 3365 voluntas
350 3305 415 3376 fiat3
445 3323 499 3379 ego
521 3307 557 3365 dc
579 3305 744 3365 valetudiue
766 3309 893 3379 corporis
915 3315 969 3365 non
991 3323 1051 3365 sum
1073 3307 1212 3368 sollicitus

62 3412 170 3485 (Deum
192 3411 313 3486 testor),
326 3430 329 3435 ’
344 3412 454 3484 maj0ra
475 3411 550 3468 entim
572 3414 707 3482 exspecto
729 3426 745 3465 a
767 3409 883 3468 domiuo
903 3409 966 3467 ileo
987 3424 1064 3481 mco,
1092 3411 1147 3469 troc
1167 3416 1212 3470 est

61 3515 166 3574 animae
187 3521 356 3588 perpetuam
385 3515 547 3572 sanitatem.
589 3512 653 3571 Jam
683 3521 786 3586 quarto
814 3514 884 3572 istas
910 3529 999 3587 aquas
1024 3514 1135 3573 tantari
1156 3515 1211 3574 Ba-

61 3621 175 3686 densea
198 3619 319 3678 Farinas
339 3620 393 3691 bis,
415 3626 445 3676 et
466 3618 718 3690 Gheppingensas‚
748 3624 778 3674 et
797 3634 912 3689 semper
931 3613 1054 3677 antebac
1073 3620 1210 3679 illustris·

61 3724 141 3782 dmae
156 3724 344 3783 Gelsitudinis
365 3725 476 3782 Vestra
494 3723 745 3782 clementissimum
760 3723 884 3782 animum
906 3728 936 3781 et
956 3721 1159 3782 liberalitatem
1181 3730 1211 3781 et

61 3825 200 3899 pietatem
222 3843 283 3886 suut
305 3834 457 3900 expertus,
486 3826 553 3883 nolo
574 3840 649 3882 nnnc
668 3826 805 3883 molestus
826 3840 904 3898 esso,
936 3828 1050 3884 tametsi
1071 3824 1209 3885 affirmem

61 3946 158 3989 coram
180 3932 258 4004 Deo,
284 3931 362 4002 quod
382 3929 467 4002 plane
488 3928 551 3986 ista
571 3927 704 3985 Tlrermoe
724 3944 769 3985 me
791 3927 985 3986 exhauserim.
1026 3920 1125 3985 Dicam
1145 3943 1210 3986 cum

60 4036 168 4095 Paulo:
200 4036 283 4108 cupio
305 4033 422 4093 dissolui
444 4040 475 4092 et
495 4048 558 4092 osse
579 4050 643 4091 oum
665 4032 792 4104 christo,
814 4032 862 4091 nbi
883 4048 967 4104 sparo
988 4046 1033 4089 me
1053 4031 1209 4091 affuturum

60 4146 105 4198 sat
132 4141 198 4198 cito.
241 4141 384 4212 Dignatur
410 4139 514 4198 Vestra
543 4138 739 4198 illustrissima
765 4137 913 4197 Galsitudo
943 4136 1106 4195 meminisse
1136 4139 1209 4210 ejns,

627 4265 642 4297 a

134 4361 144 4415 l
166 4359 193 4414 S.
213 4377 240 4413 n.
259 4360 302 4413 ut.
