<?xml version="1.0" encoding="UTF-8"?>
<!DOCTYPE html PUBLIC "-//W3C//DTD XHTML 1.0 Transitional//EN"
    "http://www.w3.org/TR/xhtml1/DTD/xhtml1-transitional.dtd">
<html xmlns="http://www.w3.org/1999/xhtml" xml:lang="en" lang="en">
 <head>
  <title>
</title>
<meta http-equiv="Content-Type" content="text/html;charset=utf-8" />
  <meta name='ocr-system' content='tesseract 3.04.00' />
  <meta name='ocr-capabilities' content='ocr_page ocr_carea ocr_par ocr_line ocrx_word'/>
</head>
<body>
  <div class='ocr_page' id='page_1' title='image "./briefwechselzwi00verggoog_0270.png"; bbox 0 0 2768 4740; ppageno 0'>
   <div class='ocr_carea' id='block_1_1' title="bbox 114 246 717 351">
    <p class='ocr_par' dir='ltr' id='par_1_1' title="bbox 114 246 717 351">
     <span class='ocr_line' id='line_1_1' title="bbox 114 246 717 351; baseline -0.002 0"><span class='ocrx_word' id='word_1_1' title='bbox 114 284 182 340; x_wconf 76' lang='lat' dir='ltr'>mn</span> <span class='ocrx_word' id='word_1_2' title='bbox 287 246 292 253; x_wconf 69' lang='grc'><em>’</em></span> <span class='ocrx_word' id='word_1_3' title='bbox 655 286 717 351; x_wconf 79' lang='lat' dir='ltr'>mo</span> 
     </span>
    </p>
   </div>
   <div class='ocr_carea' id='block_1_2' title="bbox 110 456 1264 2309">
    <p class='ocr_par' dir='ltr' id='par_1_2' title="bbox 110 456 1263 947">
     <span class='ocr_line' id='line_1_2' title="bbox 111 456 1261 535; baseline 0.003 -18"><span class='ocrx_word' id='word_1_4' title='bbox 111 459 193 529; x_wconf 89' lang='lat' dir='ltr'>parvi</span> <span class='ocrx_word' id='word_1_5' title='bbox 214 457 362 516; x_wconf 78' lang='lat' dir='ltr'><strong>momenti.</strong></span> <span class='ocrx_word' id='word_1_6' title='bbox 403 456 450 515; x_wconf 88' lang='lat' dir='ltr'>Sic</span> <span class='ocrx_word' id='word_1_7' title='bbox 477 456 567 515; x_wconf 88' lang='lat' dir='ltr'>sentit</span> <span class='ocrx_word' id='word_1_8' title='bbox 593 457 822 530; x_wconf 87' lang='lat' dir='ltr'>sapientissimus</span> <span class='ocrx_word' id='word_1_9' title='bbox 848 474 938 519; x_wconf 86' lang='lat' dir='ltr'>senex</span> <span class='ocrx_word' id='word_1_10' title='bbox 965 459 1023 518; x_wconf 85' lang='lat' dir='ltr'>dux</span> <span class='ocrx_word' id='word_1_11' title='bbox 1045 460 1193 535; x_wconf 83' lang='lat' dir='ltr'>Prassia,</span> <span class='ocrx_word' id='word_1_12' title='bbox 1224 480 1261 522; x_wconf 92' lang='lat' dir='ltr'>ne</span> 
     </span>
     <span class='ocr_line' id='line_1_3' title="bbox 110 561 1263 637; baseline 0.005 -18"><span class='ocrx_word' id='word_1_13' title='bbox 110 561 314 621; x_wconf 89' lang='lat' dir='ltr'>serenissimus</span> <span class='ocrx_word' id='word_1_14' title='bbox 334 578 386 621; x_wconf 80' lang='lat' dir='ltr'>rex</span> <span class='ocrx_word' id='word_1_15' title='bbox 406 567 497 634; x_wconf 88' lang='lat' dir='ltr'>putet,</span> <span class='ocrx_word' id='word_1_16' title='bbox 520 578 551 620; x_wconf 89' lang='lat' dir='ltr'>se</span> <span class='ocrx_word' id='word_1_17' title='bbox 571 561 607 620; x_wconf 91' lang='lat' dir='ltr'>ab</span> <span class='ocrx_word' id='word_1_18' title='bbox 628 562 829 620; x_wconf 77' lang='lat' dir='ltr'>illustrissimis</span> <span class='ocrx_word' id='word_1_19' title='bbox 843 562 1018 635; x_wconf 88' lang='lat' dir='ltr'>principibus</span> <span class='ocrx_word' id='word_1_20' title='bbox 1032 566 1263 637; x_wconf 75' lang='lat' dir='ltr'>protestantibus</span> 
     </span>
     <span class='ocr_line' id='line_1_4' title="bbox 112 665 1263 738; baseline 0.008 -16"><span class='ocrx_word' id='word_1_21' title='bbox 112 668 267 723; x_wconf 85' lang='lat' dir='ltr'>contemni.</span> <span class='ocrx_word' id='word_1_22' title='bbox 315 665 377 723; x_wconf 90' lang='lat' dir='ltr'>Hoc</span> <span class='ocrx_word' id='word_1_23' title='bbox 408 666 484 724; x_wconf 90' lang='lat' dir='ltr'>euim</span> <span class='ocrx_word' id='word_1_24' title='bbox 515 673 603 738; x_wconf 88' lang='lat' dir='ltr'>caput</span> <span class='ocrx_word' id='word_1_25' title='bbox 633 673 686 724; x_wconf 90' lang='lat' dir='ltr'>est.</span> <span class='ocrx_word' id='word_1_26' title='bbox 733 667 947 727; x_wconf 84' lang='lat' dir='ltr'>illustrissimus</span> <span class='ocrx_word' id='word_1_27' title='bbox 973 668 1123 728; x_wconf 86' lang='lat' dir='ltr'>Palatinus</span> <span class='ocrx_word' id='word_1_28' title='bbox 1154 670 1263 731; x_wconf 83' lang='lat' dir='ltr'>elector</span> 
     </span>
     <span class='ocr_line' id='line_1_5' title="bbox 112 769 1262 839; baseline 0.004 -10"><span class='ocrx_word' id='word_1_29' title='bbox 112 769 182 829; x_wconf 90' lang='lat' dir='ltr'>mihi</span> <span class='ocrx_word' id='word_1_30' title='bbox 209 770 344 839; x_wconf 83' lang='lat' dir='ltr'>dixerat,</span> <span class='ocrx_word' id='word_1_31' title='bbox 374 787 405 828; x_wconf 87' lang='lat' dir='ltr'>se</span> <span class='ocrx_word' id='word_1_32' title='bbox 434 770 507 829; x_wconf 86' lang='lat' dir='ltr'>velle</span> <span class='ocrx_word' id='word_1_33' title='bbox 534 771 570 828; x_wconf 88' lang='lat' dir='ltr'>ad</span> <span class='ocrx_word' id='word_1_34' title='bbox 595 771 819 830; x_wconf 86' lang='lat' dir='ltr'>illustrissimum</span> <span class='ocrx_word' id='word_1_35' title='bbox 841 773 964 831; x_wconf 84' lang='lat' dir='ltr'>Prussiae</span> <span class='ocrx_word' id='word_1_36' title='bbox 992 772 1092 833; x_wconf 87' lang='lat' dir='ltr'>ducem</span> <span class='ocrx_word' id='word_1_37' title='bbox 1118 774 1262 836; x_wconf 89' lang='lat' dir='ltr'>homiuem</span> 
     </span>
     <span class='ocr_line' id='line_1_6' title="bbox 112 874 491 947; baseline -0.003 -14"><span class='ocrx_word' id='word_1_38' title='bbox 112 876 240 947; x_wconf 89' lang='lat' dir='ltr'>mittere,</span> <span class='ocrx_word' id='word_1_39' title='bbox 262 876 370 933; x_wconf 90' lang='lat' dir='ltr'>utinam</span> <span class='ocrx_word' id='word_1_40' title='bbox 392 874 491 934; x_wconf 87' lang='lat' dir='ltr'>fieret!</span> 
     </span>
    </p>

    <p class='ocr_par' dir='ltr' id='par_1_3' title="bbox 113 981 1263 1369">
     <span class='ocr_line' id='line_1_7' title="bbox 193 981 1263 1056; baseline 0.004 -17"><span class='ocrx_word' id='word_1_41' title='bbox 193 981 264 1040; x_wconf 84' lang='lat' dir='ltr'>Cum</span> <span class='ocrx_word' id='word_1_42' title='bbox 286 999 381 1053; x_wconf 91' lang='lat' dir='ltr'>nuper</span> <span class='ocrx_word' id='word_1_43' title='bbox 399 983 428 1038; x_wconf 93' lang='lat' dir='ltr'>in</span> <span class='ocrx_word' id='word_1_44' title='bbox 450 982 584 1040; x_wconf 59' lang='lat' dir='ltr'>[rituanio</span> <span class='ocrx_word' id='word_1_45' title='bbox 607 981 740 1052; x_wconf 87' lang='lat' dir='ltr'>inissem,</span> <span class='ocrx_word' id='word_1_46' title='bbox 762 983 977 1041; x_wconf 84' lang='lat' dir='ltr'>serenissimum</span> <span class='ocrx_word' id='word_1_47' title='bbox 998 999 1105 1056; x_wconf 78' lang='lat' dir='ltr'>regem,</span> <span class='ocrx_word' id='word_1_48' title='bbox 1126 991 1263 1055; x_wconf 90' lang='lat' dir='ltr'>quantum</span> 
     </span>
     <span class='ocr_line' id='line_1_8' title="bbox 113 1086 1262 1161; baseline 0.001 -15"><span class='ocrx_word' id='word_1_49' title='bbox 113 1091 204 1161; x_wconf 92' lang='lat' dir='ltr'>potul,</span> <span class='ocrx_word' id='word_1_50' title='bbox 225 1098 395 1146; x_wconf 82' lang='lat' dir='ltr'>reverenter</span> <span class='ocrx_word' id='word_1_51' title='bbox 416 1089 484 1156; x_wconf 88' lang='lat' dir='ltr'>ursi,</span> <span class='ocrx_word' id='word_1_52' title='bbox 506 1104 541 1146; x_wconf 86' lang='lat' dir='ltr'>ue</span> <span class='ocrx_word' id='word_1_53' title='bbox 562 1088 684 1146; x_wconf 90' lang='lat' dir='ltr'>concilio</span> <span class='ocrx_word' id='word_1_54' title='bbox 699 1089 899 1159; x_wconf 80' lang='lat' dir='ltr'>assentiretur,</span> <span class='ocrx_word' id='word_1_55' title='bbox 921 1090 981 1144; x_wconf 91' lang='lat' dir='ltr'>ursi</span> <span class='ocrx_word' id='word_1_56' title='bbox 1002 1089 1088 1144; x_wconf 91' lang='lat' dir='ltr'>etiam</span> <span class='ocrx_word' id='word_1_57' title='bbox 1103 1086 1262 1147; x_wconf 89' lang='lat' dir='ltr'>illustrissi-</span> 
     </span>
     <span class='ocr_line' id='line_1_9' title="bbox 114 1191 1263 1268; baseline 0.002 -18"><span class='ocrx_word' id='word_1_58' title='bbox 114 1208 191 1250; x_wconf 90' lang='lat' dir='ltr'>mum</span> <span class='ocrx_word' id='word_1_59' title='bbox 211 1193 369 1266; x_wconf 89' lang='lat' dir='ltr'>palatinum</span> <span class='ocrx_word' id='word_1_60' title='bbox 391 1191 574 1264; x_wconf 88' lang='lat' dir='ltr'>Vilnensem,</span> <span class='ocrx_word' id='word_1_61' title='bbox 607 1191 644 1250; x_wconf 95' lang='lat' dir='ltr'>ad</span> <span class='ocrx_word' id='word_1_62' title='bbox 671 1209 756 1265; x_wconf 89' lang='lat' dir='ltr'>qoem</span> <span class='ocrx_word' id='word_1_63' title='bbox 784 1209 833 1250; x_wconf 90' lang='lat' dir='ltr'>eas</span> <span class='ocrx_word' id='word_1_64' title='bbox 858 1193 971 1250; x_wconf 89' lang='lat' dir='ltr'>litteras</span> <span class='ocrx_word' id='word_1_65' title='bbox 998 1191 1110 1265; x_wconf 83' lang='lat' dir='ltr'>scribo,</span> <span class='ocrx_word' id='word_1_66' title='bbox 1142 1210 1263 1268; x_wconf 88' lang='lat' dir='ltr'>quarum</span> 
     </span>
     <span class='ocr_line' id='line_1_10' title="bbox 115 1294 411 1369; baseline -0.01 -15"><span class='ocrx_word' id='word_1_67' title='bbox 115 1295 277 1369; x_wconf 85' lang='lat' dir='ltr'>exemplum</span> <span class='ocrx_word' id='word_1_68' title='bbox 296 1296 379 1354; x_wconf 87' lang='lat' dir='ltr'>mitto</span> <span class='ocrx_word' id='word_1_69' title='bbox 393 1294 411 1351; x_wconf 88' lang='lat'>¹.</span> 
     </span>
    </p>

    <p class='ocr_par' dir='ltr' id='par_1_4' title="bbox 113 1398 1264 1976">
     <span class='ocr_line' id='line_1_11' title="bbox 193 1398 1263 1487; baseline 0.003 -30"><span class='ocrx_word' id='word_1_70' title='bbox 193 1400 390 1487; x_wconf 81' lang='lat' dir='ltr'>illustrissima</span> <span class='ocrx_word' id='word_1_71' title='bbox 411 1398 561 1458; x_wconf 74' lang='lat' dir='ltr'>celsitudo</span> <span class='ocrx_word' id='word_1_72' title='bbox 583 1401 687 1458; x_wconf 88' lang='lat' dir='ltr'>Vestra</span> <span class='ocrx_word' id='word_1_73' title='bbox 708 1400 844 1474; x_wconf 81' lang='lat' dir='ltr'>dignetur</span> <span class='ocrx_word' id='word_1_74' title='bbox 864 1403 1042 1474; x_wconf 81' lang='lat' dir='ltr'>meminisse,</span> <span class='ocrx_word' id='word_1_75' title='bbox 1065 1420 1131 1462; x_wconf 89' lang='lat' dir='ltr'>nam</span> <span class='ocrx_word' id='word_1_76' title='bbox 1151 1404 1175 1462; x_wconf 87' lang='lat' dir='ltr'>si</span> <span class='ocrx_word' id='word_1_77' title='bbox 1195 1403 1263 1477; x_wconf 88' lang='lat' dir='ltr'>quid</span> 
     </span>
     <span class='ocr_line' id='line_1_12' title="bbox 114 1501 1264 1581; baseline 0.004 -20"><span class='ocrx_word' id='word_1_78' title='bbox 114 1505 190 1573; x_wconf 88' lang='lat' dir='ltr'>scio,</span> <span class='ocrx_word' id='word_1_79' title='bbox 219 1501 309 1577; x_wconf 88' lang='lat' dir='ltr'>(quod</span> <span class='ocrx_word' id='word_1_80' title='bbox 336 1504 395 1561; x_wconf 88' lang='lat' dir='ltr'>scio</span> <span class='ocrx_word' id='word_1_81' title='bbox 424 1503 612 1574; x_wconf 79' lang='lat' dir='ltr'>perexiguum</span> <span class='ocrx_word' id='word_1_82' title='bbox 638 1504 715 1579; x_wconf 85' lang='lat' dir='ltr'>esse)</span> <span class='ocrx_word' id='word_1_83' title='bbox 737 1506 766 1563; x_wconf 94' lang='lat' dir='ltr'>in</span> <span class='ocrx_word' id='word_1_84' title='bbox 788 1507 909 1564; x_wconf 88' lang='lat' dir='ltr'>materia</span> <span class='ocrx_word' id='word_1_85' title='bbox 929 1509 1043 1566; x_wconf 88' lang='lat' dir='ltr'>concilii</span> <span class='ocrx_word' id='word_1_86' title='bbox 1063 1506 1138 1579; x_wconf 88' lang='lat' dir='ltr'>scio;</span> <span class='ocrx_word' id='word_1_87' title='bbox 1171 1523 1264 1581; x_wconf 88' lang='lat' dir='ltr'>neque</span> 
     </span>
     <span class='ocr_line' id='line_1_13' title="bbox 115 1607 1264 1684; baseline 0.003 -19"><span class='ocrx_word' id='word_1_88' title='bbox 115 1608 204 1667; x_wconf 92' lang='lat' dir='ltr'>deero</span> <span class='ocrx_word' id='word_1_89' title='bbox 224 1609 254 1665; x_wconf 91' lang='lat' dir='ltr'>in</span> <span class='ocrx_word' id='word_1_90' title='bbox 275 1624 310 1664; x_wconf 90' lang='lat' dir='ltr'>ea</span> <span class='ocrx_word' id='word_1_91' title='bbox 330 1625 372 1677; x_wconf 90' lang='lat' dir='ltr'>re,</span> <span class='ocrx_word' id='word_1_92' title='bbox 393 1607 504 1664; x_wconf 90' lang='lat' dir='ltr'>etiamsi</span> <span class='ocrx_word' id='word_1_93' title='bbox 526 1609 585 1665; x_wconf 90' lang='lat' dir='ltr'>vita</span> <span class='ocrx_word' id='word_1_94' title='bbox 605 1608 806 1680; x_wconf 80' lang='lat' dir='ltr'>profundenda</span> <span class='ocrx_word' id='word_1_95' title='bbox 826 1610 865 1669; x_wconf 90' lang='lat' dir='ltr'>sit</span> <span class='ocrx_word' id='word_1_96' title='bbox 879 1609 1060 1684; x_wconf 76' lang='lat' dir='ltr'>prochristo</span> <span class='ocrx_word' id='word_1_97' title='bbox 1075 1629 1148 1670; x_wconf 88' lang='lat' dir='ltr'>meo.</span> <span class='ocrx_word' id='word_1_98' title='bbox 1181 1610 1264 1671; x_wconf 82' lang='lat' dir='ltr'>Com-</span> 
     </span>
     <span class='ocr_line' id='line_1_14' title="bbox 113 1708 1264 1788; baseline 0.007 -21"><span class='ocrx_word' id='word_1_99' title='bbox 113 1709 219 1768; x_wconf 86' lang='lat' dir='ltr'>mendo</span> <span class='ocrx_word' id='word_1_100' title='bbox 238 1725 284 1767; x_wconf 90' lang='lat' dir='ltr'>me</span> <span class='ocrx_word' id='word_1_101' title='bbox 305 1716 474 1768; x_wconf 75' lang='lat' dir='ltr'>reverenter</span> <span class='ocrx_word' id='word_1_102' title='bbox 493 1708 697 1768; x_wconf 79' lang='lat' dir='ltr'>Illustrissimae</span> <span class='ocrx_word' id='word_1_103' title='bbox 718 1711 889 1770; x_wconf 85' lang='lat' dir='ltr'>Celsitudini</span> <span class='ocrx_word' id='word_1_104' title='bbox 912 1713 1038 1788; x_wconf 72' lang='lat' dir='ltr'>Vestrae,</span> <span class='ocrx_word' id='word_1_105' title='bbox 1060 1716 1187 1776; x_wconf 87' lang='lat' dir='ltr'>coelestis</span> <span class='ocrx_word' id='word_1_106' title='bbox 1207 1715 1264 1775; x_wconf 91' lang='lat' dir='ltr'>Pa·</span> 
     </span>
     <span class='ocr_line' id='line_1_15' title="bbox 115 1813 1264 1890; baseline 0.005 -19"><span class='ocrx_word' id='word_1_107' title='bbox 115 1821 162 1872; x_wconf 89' lang='lat' dir='ltr'>ter</span> <span class='ocrx_word' id='word_1_108' title='bbox 180 1820 287 1885; x_wconf 78' lang='lat' dir='ltr'>augeat</span> <span class='ocrx_word' id='word_1_109' title='bbox 306 1813 349 1870; x_wconf 91' lang='lat' dir='ltr'>illi</span> <span class='ocrx_word' id='word_1_110' title='bbox 371 1829 436 1870; x_wconf 86' lang='lat' dir='ltr'>suos</span> <span class='ocrx_word' id='word_1_111' title='bbox 458 1813 569 1871; x_wconf 89' lang='lat' dir='ltr'>divinos</span> <span class='ocrx_word' id='word_1_112' title='bbox 583 1815 743 1885; x_wconf 68' lang='lat' dir='ltr'>thesauros</span> <span class='ocrx_word' id='word_1_113' title='bbox 765 1817 896 1888; x_wconf 90' lang='lat' dir='ltr'>spiritum</span> <span class='ocrx_word' id='word_1_114' title='bbox 913 1825 943 1876; x_wconf 92' lang='lat' dir='ltr'>et</span> <span class='ocrx_word' id='word_1_115' title='bbox 956 1818 1041 1877; x_wconf 87' lang='lat' dir='ltr'>iidem</span> <span class='ocrx_word' id='word_1_116' title='bbox 1056 1835 1109 1890; x_wconf 89' lang='lat' dir='ltr'>per</span> <span class='ocrx_word' id='word_1_117' title='bbox 1121 1818 1264 1878; x_wconf 80' lang='lat' dir='ltr'>Christum</span> 
     </span>
     <span class='ocr_line' id='line_1_16' title="bbox 114 1917 421 1976; baseline -0.007 0"><span class='ocrx_word' id='word_1_118' title='bbox 114 1917 262 1976; x_wconf 89' lang='lat' dir='ltr'>dominnm</span> <span class='ocrx_word' id='word_1_119' title='bbox 283 1923 421 1976; x_wconf 88' lang='lat' dir='ltr'>nostrum.</span> 
     </span>
    </p>

    <p class='ocr_par' dir='ltr' id='par_1_5' title="bbox 194 2022 653 2096">
     <span class='ocr_line' id='line_1_17' title="bbox 194 2022 653 2096; baseline -0.002 -15"><span class='ocrx_word' id='word_1_120' title='bbox 194 2022 335 2096; x_wconf 79' lang='lat' dir='ltr'>Tubingae</span> <span class='ocrx_word' id='word_1_121' title='bbox 359 2025 392 2080; x_wconf 81' lang='lat'>15</span> <span class='ocrx_word' id='word_1_122' title='bbox 414 2023 547 2082; x_wconf 69' lang='lat' dir='ltr'>ianuarii</span> <span class='ocrx_word' id='word_1_123' title='bbox 569 2025 653 2081; x_wconf 87' lang='grc'><strong>1561.</strong></span> 
     </span>
    </p>

    <p class='ocr_par' dir='ltr' id='par_1_6' title="bbox 276 2126 1184 2309">
     <span class='ocr_line' id='line_1_18' title="bbox 276 2126 1108 2190; baseline 0.006 -6"><span class='ocrx_word' id='word_1_124' title='bbox 276 2127 477 2186; x_wconf 86' lang='lat' dir='ltr'>lllnstrissimae</span> <span class='ocrx_word' id='word_1_125' title='bbox 500 2126 686 2187; x_wconf 80' lang='lat' dir='ltr'>celsitudinis</span> <span class='ocrx_word' id='word_1_126' title='bbox 708 2128 819 2188; x_wconf 80' lang='lat' dir='ltr'>Vestra</span> <span class='ocrx_word' id='word_1_127' title='bbox 839 2130 1108 2190; x_wconf 80' lang='lat' dir='ltr'>observantissimus</span> 
     </span>
     <span class='ocr_line' id='line_1_19' title="bbox 1019 2236 1184 2309; baseline 0.018 -18"><span class='ocrx_word' id='word_1_128' title='bbox 1019 2236 1184 2309; x_wconf 78' lang='lat' dir='ltr'>vergerius.</span> 
     </span>
    </p>
   </div>
   <div class='ocr_carea' id='block_1_3' title="bbox 115 2361 1265 2519">
    <p class='ocr_par' dir='ltr' id='par_1_7' title="bbox 115 2361 1265 2519">
     <span class='ocr_line' id='line_1_20' title="bbox 187 2361 1265 2433; baseline 0.002 -17"><span class='ocrx_word' id='word_1_129' title='bbox 187 2363 249 2416; x_wconf 86' lang='lat' dir='ltr'>Vou</span> <span class='ocrx_word' id='word_1_130' title='bbox 268 2362 316 2416; x_wconf 86' lang='lat' dir='ltr'>deu</span> <span class='ocrx_word' id='word_1_131' title='bbox 341 2361 457 2431; x_wconf 81' lang='lat' dir='ltr'>heraegs</span> <span class='ocrx_word' id='word_1_132' title='bbox 482 2362 559 2416; x_wconf 87' lang='lat' dir='ltr'>hand</span> <span class='ocrx_word' id='word_1_133' title='bbox 583 2362 687 2416; x_wconf 85' lang='lat' dir='ltr'>darauf</span> <span class='ocrx_word' id='word_1_134' title='bbox 709 2362 876 2433; x_wconf 77' lang='lat' dir='ltr'>beigesetal:</span> <span class='ocrx_word' id='word_1_135' title='bbox 917 2364 964 2416; x_wconf 80' lang='lat' dir='ltr'>»D.</span> <span class='ocrx_word' id='word_1_136' title='bbox 986 2365 1102 2419; x_wconf 90' lang='lat' dir='ltr'>Brenoio</span> <span class='ocrx_word' id='word_1_137' title='bbox 1122 2383 1156 2418; x_wconf 83' lang='grc'>11</span> <span class='ocrx_word' id='word_1_138' title='bbox 1175 2365 1265 2420; x_wconf 76' lang='lat' dir='ltr'>lemen</span> 
     </span>
     <span class='ocr_line' id='line_1_21' title="bbox 115 2448 512 2519; baseline -0.008 -15"><span class='ocrx_word' id='word_1_139' title='bbox 115 2449 174 2504; x_wconf 91' lang='lat' dir='ltr'>und</span> <span class='ocrx_word' id='word_1_140' title='bbox 192 2467 224 2502; x_wconf 85' lang='lat' dir='ltr'>zu</span> <span class='ocrx_word' id='word_1_141' title='bbox 245 2465 374 2519; x_wconf 81' lang='lat' dir='ltr'>erwegen</span> <span class='ocrx_word' id='word_1_142' title='bbox 393 2448 512 2519; x_wconf 80' lang='lat' dir='ltr'>geben«.</span> 
     </span>
    </p>
   </div>
   <div class='ocr_carea' id='block_1_4' title="bbox 661 2703 724 2760">
    <p class='ocr_par' dir='ltr' id='par_1_8' title="bbox 661 2703 724 2760">
     <span class='ocr_line' id='line_1_22' title="bbox 661 2703 724 2760; baseline 0.016 -1"><span class='ocrx_word' id='word_1_143' title='bbox 661 2703 724 2760; x_wconf 87' lang='grc'><strong>109.</strong></span> 
     </span>
    </p>
   </div>
   <div class='ocr_carea' id='block_1_5' title="bbox 422 2833 960 2920">
    <p class='ocr_par' dir='ltr' id='par_1_9' title="bbox 422 2833 960 2920">
     <span class='ocr_line' id='line_1_23' title="bbox 422 2833 960 2920; baseline 0.011 -23"><span class='ocrx_word' id='word_1_144' title='bbox 422 2833 545 2920; x_wconf 81' lang='lat' dir='ltr'>Verger</span> <span class='ocrx_word' id='word_1_145' title='bbox 567 2857 610 2900; x_wconf 92' lang='lat' dir='ltr'>an</span> <span class='ocrx_word' id='word_1_146' title='bbox 632 2835 753 2920; x_wconf 81' lang='lat' dir='ltr'>herzog</span> <span class='ocrx_word' id='word_1_147' title='bbox 775 2834 960 2920; x_wconf 82' lang='lat' dir='ltr'>Chrisioph.</span> 
     </span>
    </p>
   </div>
   <div class='ocr_carea' id='block_1_6' title="bbox 116 2966 1272 3981">
    <p class='ocr_par' dir='ltr' id='par_1_10' title="bbox 458 2966 930 3039">
     <span class='ocr_line' id='line_1_24' title="bbox 458 2966 930 3039; baseline 0.004 -15"><span class='ocrx_word' id='word_1_148' title='bbox 458 2966 608 3039; x_wconf 80' lang='lat' dir='ltr'>Tttbingen</span> <span class='ocrx_word' id='word_1_149' title='bbox 633 2968 668 3024; x_wconf 85' lang='lat'>19</span> <span class='ocrx_word' id='word_1_150' title='bbox 689 2967 823 3026; x_wconf 85' lang='lat' dir='ltr'>Februar</span> <span class='ocrx_word' id='word_1_151' title='bbox 846 2970 930 3027; x_wconf 81' lang='lat'>1561.</span> 
     </span>
    </p>

    <p class='ocr_par' dir='ltr' id='par_1_11' title="bbox 116 3073 1267 3251">
     <span class='ocr_line' id='line_1_25' title="bbox 189 3073 1267 3154; baseline -0.002 -16"><span class='ocrx_word' id='word_1_152' title='bbox 189 3073 377 3140; x_wconf 77' lang='lat' dir='ltr'>Uberschiokt</span> <span class='ocrx_word' id='word_1_153' title='bbox 403 3084 499 3154; x_wconf 78' lang='lat' dir='ltr'>einige</span> <span class='ocrx_word' id='word_1_154' title='bbox 521 3082 724 3154; x_wconf 56' lang='lat' dir='ltr'>manuscripta</span> <span class='ocrx_word' id='word_1_155' title='bbox 752 3083 876 3152; x_wconf 75' lang='lat' dir='ltr'>kindigt</span> <span class='ocrx_word' id='word_1_156' title='bbox 899 3082 974 3138; x_wconf 84' lang='lat' dir='ltr'>aeine</span> <span class='ocrx_word' id='word_1_157' title='bbox 999 3080 1116 3150; x_wconf 76' lang='lat' dir='ltr'>baldige</span> <span class='ocrx_word' id='word_1_158' title='bbox 1141 3081 1267 3137; x_wconf 82' lang='grc'><strong>11111111</strong></span> 
     </span>
     <span class='ocr_line' id='line_1_26' title="bbox 116 3179 859 3251; baseline 0.001 -17"><span class='ocrx_word' id='word_1_159' title='bbox 116 3181 194 3235; x_wconf 87' lang='lat' dir='ltr'>baim</span> <span class='ocrx_word' id='word_1_160' title='bbox 213 3179 316 3251; x_wconf 77' lang='lat' dir='ltr'>herzog</span> <span class='ocrx_word' id='word_1_161' title='bbox 334 3197 385 3246; x_wconf 74' lang='lat' dir='ltr'>an,</span> <span class='ocrx_word' id='word_1_162' title='bbox 404 3180 591 3236; x_wconf 81' lang='lat' dir='ltr'>nachuiohten</span> <span class='ocrx_word' id='word_1_163' title='bbox 608 3198 659 3236; x_wconf 85' lang='lat' dir='ltr'>aus</span> <span class='ocrx_word' id='word_1_164' title='bbox 676 3179 859 3236; x_wconf 77' lang='lat' dir='ltr'>Franlrreich.</span> 
     </span>
    </p>

    <p class='ocr_par' dir='ltr' id='par_1_12' title="bbox 198 3278 1158 3352">
     <span class='ocr_line' id='line_1_27' title="bbox 198 3278 1158 3352; baseline 0.002 -18"><span class='ocrx_word' id='word_1_165' title='bbox 198 3278 395 3337; x_wconf 88' lang='lat' dir='ltr'>Illustrissime</span> <span class='ocrx_word' id='word_1_166' title='bbox 417 3278 557 3352; x_wconf 81' lang='lat' dir='ltr'>Princeps</span> <span class='ocrx_word' id='word_1_167' title='bbox 577 3285 607 3337; x_wconf 92' lang='lat' dir='ltr'>et</span> <span class='ocrx_word' id='word_1_168' title='bbox 628 3279 750 3339; x_wconf 88' lang='lat' dir='ltr'>Domine</span> <span class='ocrx_word' id='word_1_169' title='bbox 771 3279 893 3337; x_wconf 90' lang='lat' dir='ltr'>Domine</span> <span class='ocrx_word' id='word_1_170' title='bbox 915 3278 1158 3337; x_wconf 77' lang='lat' dir='ltr'>clementissime!</span> 
     </span>
    </p>

    <p class='ocr_par' dir='ltr' id='par_1_13' title="bbox 117 3380 1272 3875">
     <span class='ocr_line' id='line_1_28' title="bbox 198 3380 1269 3456; baseline 0 -16"><span class='ocrx_word' id='word_1_171' title='bbox 198 3382 302 3454; x_wconf 83' lang='lat' dir='ltr'>Audio,</span> <span class='ocrx_word' id='word_1_172' title='bbox 319 3384 450 3441; x_wconf 87' lang='lat' dir='ltr'>Vestram</span> <span class='ocrx_word' id='word_1_173' title='bbox 462 3382 687 3445; x_wconf 90' lang='lat' dir='ltr'>lllustrissimam</span> <span class='ocrx_word' id='word_1_174' title='bbox 703 3382 911 3442; x_wconf 82' lang='lat' dir='ltr'>Celsitudinem</span> <span class='ocrx_word' id='word_1_175' title='bbox 931 3385 960 3442; x_wconf 92' lang='lat' dir='ltr'>in</span> <span class='ocrx_word' id='word_1_176' title='bbox 982 3380 1128 3456; x_wconf 85' lang='lat' dir='ltr'>patriam¹</span> <span class='ocrx_word' id='word_1_177' title='bbox 1148 3381 1269 3441; x_wconf 90' lang='lat' dir='ltr'>rediisse</span> 
     </span>
     <span class='ocr_line' id='line_1_29' title="bbox 117 3486 1272 3564; baseline 0.002 -20"><span class='ocrx_word' id='word_1_178' title='bbox 117 3488 292 3546; x_wconf 84' lang='lat' dir='ltr'>incolumem</span> <span class='ocrx_word' id='word_1_179' title='bbox 323 3487 389 3564; x_wconf 88' lang='lat' dir='ltr'>(per</span> <span class='ocrx_word' id='word_1_180' title='bbox 424 3489 479 3547; x_wconf 91' lang='lat' dir='ltr'>Dei</span> <span class='ocrx_word' id='word_1_181' title='bbox 513 3488 668 3564; x_wconf 78' lang='lat' dir='ltr'>gratiam),</span> <span class='ocrx_word' id='word_1_182' title='bbox 703 3488 755 3547; x_wconf 93' lang='lat' dir='ltr'>sed</span> <span class='ocrx_word' id='word_1_183' title='bbox 785 3488 896 3547; x_wconf 88' lang='lat' dir='ltr'>utinam</span> <span class='ocrx_word' id='word_1_184' title='bbox 924 3487 1013 3548; x_wconf 89' lang='lat' dir='ltr'>rebus</span> <span class='ocrx_word' id='word_1_185' title='bbox 1038 3504 1091 3561; x_wconf 92' lang='lat' dir='ltr'>pro</span> <span class='ocrx_word' id='word_1_186' title='bbox 1123 3486 1272 3561; x_wconf 89' lang='lat' dir='ltr'>republica</span> 
     </span>
     <span class='ocr_line' id='line_1_30' title="bbox 118 3590 1270 3667; baseline -0.001 -17"><span class='ocrx_word' id='word_1_187' title='bbox 118 3592 293 3666; x_wconf 87' lang='lat' dir='ltr'>christiana,</span> <span class='ocrx_word' id='word_1_188' title='bbox 314 3595 367 3653; x_wconf 93' lang='lat' dir='ltr'>hoc</span> <span class='ocrx_word' id='word_1_189' title='bbox 388 3600 448 3666; x_wconf 90' lang='lat' dir='ltr'>est,</span> <span class='ocrx_word' id='word_1_190' title='bbox 470 3594 626 3654; x_wconf 86' lang='lat' dir='ltr'>secundum</span> <span class='ocrx_word' id='word_1_191' title='bbox 649 3593 794 3652; x_wconf 80' lang='lat' dir='ltr'>Christum</span> <span class='ocrx_word' id='word_1_192' title='bbox 815 3592 889 3654; x_wconf 92' lang='lat' dir='ltr'>bene</span> <span class='ocrx_word' id='word_1_193' title='bbox 909 3593 1009 3667; x_wconf 75' lang='lat' dir='ltr'>gestis.</span> <span class='ocrx_word' id='word_1_194' title='bbox 1050 3592 1154 3652; x_wconf 87' lang='lat' dir='ltr'>Statim</span> <span class='ocrx_word' id='word_1_195' title='bbox 1174 3590 1270 3650; x_wconf 81' lang='grc'><strong>111111-</strong></span> 
     </span>
     <span class='ocr_line' id='line_1_31' title="bbox 118 3697 1271 3772; baseline -0.002 -17"><span class='ocrx_word' id='word_1_196' title='bbox 118 3714 189 3770; x_wconf 86' lang='lat' dir='ltr'>sem,</span> <span class='ocrx_word' id='word_1_197' title='bbox 212 3699 263 3757; x_wconf 90' lang='lat' dir='ltr'>sed</span> <span class='ocrx_word' id='word_1_198' title='bbox 283 3715 372 3772; x_wconf 79' lang='lat' dir='ltr'>cogor</span> <span class='ocrx_word' id='word_1_199' title='bbox 391 3705 560 3771; x_wconf 83' lang='lat' dir='ltr'>exspectare</span> <span class='ocrx_word' id='word_1_200' title='bbox 581 3714 779 3770; x_wconf 87' lang='lat' dir='ltr'>amanuenses,</span> <span class='ocrx_word' id='word_1_201' title='bbox 801 3699 850 3772; x_wconf 92' lang='lat' dir='ltr'>qui</span> <span class='ocrx_word' id='word_1_202' title='bbox 862 3697 1037 3770; x_wconf 84' lang='lat' dir='ltr'>describunt,</span> <span class='ocrx_word' id='word_1_203' title='bbox 1059 3713 1122 3771; x_wconf 81' lang='lat' dir='ltr'>qua</span> <span class='ocrx_word' id='word_1_204' title='bbox 1137 3712 1192 3769; x_wconf 80' lang='lat' dir='ltr'>ego</span> <span class='ocrx_word' id='word_1_205' title='bbox 1205 3702 1271 3768; x_wconf 89' lang='lat' dir='ltr'>post</span> 
     </span>
     <span class='ocr_line' id='line_1_32' title="bbox 119 3799 1242 3875; baseline -0.004 -15"><span class='ocrx_word' id='word_1_206' title='bbox 119 3801 283 3873; x_wconf 77' lang='lat' dir='ltr'>evulgatam</span> <span class='ocrx_word' id='word_1_207' title='bbox 304 3801 490 3861; x_wconf 84' lang='lat' dir='ltr'>indictionem</span> <span class='ocrx_word' id='word_1_208' title='bbox 511 3802 625 3872; x_wconf 86' lang='lat' dir='ltr'>dictavi,</span> <span class='ocrx_word' id='word_1_209' title='bbox 645 3801 754 3875; x_wconf 91' lang='lat' dir='ltr'>prodiit</span> <span class='ocrx_word' id='word_1_210' title='bbox 775 3806 873 3859; x_wconf 89' lang='lat' dir='ltr'>autem</span> <span class='ocrx_word' id='word_1_211' title='bbox 893 3808 960 3873; x_wconf 87' lang='lat' dir='ltr'>post</span> <span class='ocrx_word' id='word_1_212' title='bbox 979 3802 1055 3860; x_wconf 91' lang='lat' dir='ltr'>illius</span> <span class='ocrx_word' id='word_1_213' title='bbox 1077 3799 1242 3859; x_wconf 89' lang='lat' dir='ltr'>discessum.</span> 
     </span>
    </p>

    <p class='ocr_par' dir='ltr' id='par_1_14' title="bbox 201 3903 1272 3981">
     <span class='ocr_line' id='line_1_33' title="bbox 201 3903 1272 3981; baseline -0.003 -18"><span class='ocrx_word' id='word_1_214' title='bbox 201 3905 322 3965; x_wconf 89' lang='lat' dir='ltr'>Veniam</span> <span class='ocrx_word' id='word_1_215' title='bbox 342 3908 431 3981; x_wconf 81' lang='lat' dir='ltr'>igitur</span> <span class='ocrx_word' id='word_1_216' title='bbox 451 3906 545 3964; x_wconf 90' lang='lat' dir='ltr'>altera</span> <span class='ocrx_word' id='word_1_217' title='bbox 565 3905 604 3981; x_wconf 85' lang='lat' dir='ltr'>(si</span> <span class='ocrx_word' id='word_1_218' title='bbox 626 3905 705 3964; x_wconf 88' lang='lat' dir='ltr'>Deus</span> <span class='ocrx_word' id='word_1_219' title='bbox 726 3906 863 3980; x_wconf 89' lang='lat' dir='ltr'>voluerit)</span> <span class='ocrx_word' id='word_1_220' title='bbox 885 3908 1059 3978; x_wconf 84' lang='lat' dir='ltr'>septimana,</span> <span class='ocrx_word' id='word_1_221' title='bbox 1080 3903 1174 3963; x_wconf 88' lang='lat' dir='ltr'>habeo</span> <span class='ocrx_word' id='word_1_222' title='bbox 1195 3903 1272 3962; x_wconf 91' lang='lat' dir='ltr'>enim</span> 
     </span>
    </p>
   </div>
   <div class='ocr_carea' id='block_1_7' title="bbox 606 4048 697 4081">
    <p class='ocr_par' dir='ltr' id='par_1_15' title="bbox 606 4048 697 4081">
     <span class='ocr_line' id='line_1_34' title="bbox 606 4048 697 4081; baseline 0 0"><span class='ocrx_word' id='word_1_223' title='bbox 606 4048 612 4056; x_wconf 98' lang='grc'><strong><em>’</em></strong></span> <span class='ocrx_word' id='word_1_224' title='bbox 682 4048 697 4081; x_wconf 70' lang='lat' dir='ltr'>tlt</span> 
     </span>
    </p>
   </div>
   <div class='ocr_carea' id='block_1_8' title="bbox 123 4157 1272 4480">
    <p class='ocr_par' dir='ltr' id='par_1_16' title="bbox 123 4157 1272 4480">
     <span class='ocr_line' id='line_1_35' title="bbox 192 4157 696 4229; baseline 0.01 -18"><span class='ocrx_word' id='word_1_225' title='bbox 192 4160 205 4211; x_wconf 94' lang='lat' dir='ltr'>l</span> <span class='ocrx_word' id='word_1_226' title='bbox 227 4157 312 4229; x_wconf 74' lang='lat' dir='ltr'>Liegt</span> <span class='ocrx_word' id='word_1_227' title='bbox 329 4158 423 4214; x_wconf 80' lang='lat' dir='ltr'>nichts</span> <span class='ocrx_word' id='word_1_228' title='bbox 440 4158 496 4214; x_wconf 91' lang='lat' dir='ltr'>bei.</span> <span class='ocrx_word' id='word_1_229' title='bbox 692 4217 696 4223; x_wconf 79' lang='grc'>,</span> 
     </span>
     <span class='ocr_line' id='line_1_36' title="bbox 192 4241 1272 4320; baseline 0 -21"><span class='ocrx_word' id='word_1_230' title='bbox 192 4245 209 4299; x_wconf 82' lang='grc'><strong>2</strong></span> <span class='ocrx_word' id='word_1_231' title='bbox 228 4244 300 4302; x_wconf 84' lang='lat' dir='ltr'>vom</span> <span class='ocrx_word' id='word_1_232' title='bbox 320 4245 480 4319; x_wconf 60' lang='lat' dir='ltr'>maheng</span> <span class='ocrx_word' id='word_1_233' title='bbox 492 4247 522 4301; x_wconf 94' lang='lat' dir='ltr'>in</span> <span class='ocrx_word' id='word_1_234' title='bbox 535 4247 710 4320; x_wconf 71' lang='lat' dir='ltr'>Naumburg,</span> <span class='ocrx_word' id='word_1_235' title='bbox 730 4247 825 4304; x_wconf 82' lang='lat' dir='ltr'>wohin</span> <span class='ocrx_word' id='word_1_236' title='bbox 838 4245 988 4316; x_wconf 74' lang='lat' dir='ltr'>christoph</span> <span class='ocrx_word' id='word_1_237' title='bbox 1005 4244 1059 4300; x_wconf 83' lang='lat' dir='ltr'>mit</span> <span class='ocrx_word' id='word_1_238' title='bbox 1076 4243 1182 4299; x_wconf 83' lang='lat' dir='ltr'>seinem</span> <span class='ocrx_word' id='word_1_239' title='bbox 1200 4241 1272 4299; x_wconf 70' lang='lat' dir='ltr'>tlte</span> 
     </span>
     <span class='ocr_line' id='line_1_37' title="bbox 123 4331 806 4406; baseline 0.004 -20"><span class='ocrx_word' id='word_1_240' title='bbox 123 4333 186 4387; x_wconf 74' lang='lat' dir='ltr'>eben</span> <span class='ocrx_word' id='word_1_241' title='bbox 205 4331 276 4388; x_wconf 86' lang='lat' dir='ltr'>sohn</span> <span class='ocrx_word' id='word_1_242' title='bbox 295 4331 440 4389; x_wconf 73' lang='lat' dir='ltr'>Eberhard</span> <span class='ocrx_word' id='word_1_243' title='bbox 457 4333 473 4387; x_wconf 82' lang='grc'><strong>7</strong></span> <span class='ocrx_word' id='word_1_244' title='bbox 492 4334 599 4390; x_wconf 80' lang='lat' dir='ltr'>ianuar</span> <span class='ocrx_word' id='word_1_245' title='bbox 616 4334 722 4406; x_wconf 70' lang='lat' dir='ltr'>gerelm</span> <span class='ocrx_word' id='word_1_246' title='bbox 739 4351 806 4391; x_wconf 77' lang='lat' dir='ltr'>war.</span> 
     </span>
     <span class='ocr_line' id='line_1_38' title="bbox 1010 4426 1064 4480; baseline 0 0"><span class='ocrx_word' id='word_1_247' title='bbox 1010 4426 1064 4480; x_wconf 73' lang='lat' dir='ltr'>lt‘</span> 
     </span>
    </p>
   </div>
   <div class='ocr_carea' id='block_1_9' title="bbox 0 0 1398 4740">
    <p class='ocr_par' dir='ltr' id='par_1_17' title="bbox 0 0 1398 4740">
     <span class='ocr_line' id='line_1_39' title="bbox 0 0 1398 4740; baseline 0 0"><span class='ocrx_word' id='word_1_248' title='bbox 0 0 1398 4740; x_wconf 95' lang='lat' dir='ltr'> </span> 
     </span>
    </p>
   </div>
  </div>
 </body>
</html>
