2768 4740
117 273 188 330 1⁶⁶⁴
658 282 726 348 ιιι

116 450 187 520 gali,
207 452 396 507 numerarunt
416 448 484 506 mihi
507 453 623 506 centnm
642 450 745 523 viginti
758 455 885 521 tantnm;
906 451 1032 510 abieram
1049 451 1126 510 enim
1138 453 1167 510 in
1178 453 1264 511 Prna·

115 555 186 611 siam
206 560 293 626 atque
314 553 480 624 Poloniam,
512 570 606 626 neque
635 560 717 625 erat,
750 556 798 628 qni
827 557 973 627 negotium
995 563 1114 629 urgeret
1133 573 1187 631 pro
1207 573 1262 615 me.

114 658 260 716 Reversus
280 673 337 715 non
358 657 439 729 potui
460 665 572 715 mutare
594 665 700 717 statum
721 660 782 727 rei,
810 675 875 718 nam
898 658 966 718 mihi
992 659 1179 719 solvebantur
1205 678 1263 720 non

114 770 202 833 prout
221 777 239 819 a
259 778 329 834 rege
350 763 537 820 constitutum
560 762 677 821 docenti
706 765 855 833 coronati,
888 764 939 822 sed
964 770 1080 823 centnm
1106 770 1135 823 at
1162 765 1264 838 viginti

115 866 265 924 dumtaxat
276 865 367 924 inscio
388 883 505 940 prorsus
526 884 604 940 rege.
637 866 766 940 Contigit
786 868 900 936 deinde,
921 873 954 926 ut
974 876 1099 942 quatuor
1119 871 1262 928 continuis

115 971 198 1029 annis
219 971 320 1042 pensio
341 972 511 1039 cessaverit,
532 986 587 1029 nec
606 970 661 1030 init
682 971 805 1043 cuipiam
825 973 928 1030 soluta.
969 972 1049 1031 Tunc
1070 972 1175 1032 Vestra
1194 973 1263 1031 Illu-

115 1075 256 1133 striasima
277 1075 424 1135 (lelsitndo
452 1092 556 1149 magna
581 1078 689 1148 pietate
711 1093 781 1149 erga
800 1093 845 1135 me
865 1075 921 1135 luit
940 1093 992 1135 nea
1012 1085 1043 1136 et
1063 1077 1099 1136 de
1119 1094 1171 1137 auo
1191 1077 1262 1136 mihi

112 1179 199 1249 jussit
220 1180 365 1238 numerari
386 1180 526 1239 ducentos
545 1181 661 1239 circiter
681 1180 808 1240 florenos
828 1182 857 1239 in
879 1198 969 1252 ann03
996 1184 1057 1254 iam
1078 1197 1143 1240 cnm
1162 1197 1210 1241 res
1229 1181 1259 1239 in

116 1299 152 1340 eo
172 1283 211 1340 sit
230 1289 316 1355 statu,
338 1285 470 1343 dominus
484 1284 648 1344 Bellienrns
660 1283 677 1358 ¹,
698 1287 747 1359 qni
767 1302 842 1344 nnnc
862 1287 922 1358 agit
942 1288 972 1343 in
987 1285 1102 1345 Rhaetin
1122 1286 1199 1358 regis
1219 1285 1261 1344 le·
1310 1302 1314 1309 ·

115 1392 225 1458 gutum,
246 1405 309 1447 cum
330 1389 384 1448 hac
404 1389 506 1448 eadem
526 1390 562 1448 de
584 1406 616 1448 re
628 1406 692 1448 cum
709 1389 771 1463 ipso
786 1390 980 1460 contulissem,
1001 1390 1071 1447 mihi
1084 1388 1264 1462 significarit,

116 1507 147 1548 se
169 1491 206 1565 (si
227 1490 430 1550 illustrissima
452 1494 638 1553 celsitudinis
648 1494 760 1553 Vestrae
782 1495 895 1554 litteras
909 1494 946 1553 od
961 1509 992 1551 sc
1004 1495 1125 1567 scriptas
1137 1494 1263 1567 videret)

115 1601 333 1654 numeraturum
354 1598 482 1669 integros
504 1596 642 1656 ducentos
663 1607 815 1658 coronatos
836 1600 865 1656 in
890 1616 980 1669 anno,
1008 1605 1041 1656 ut
1068 1597 1186 1656 inerunt
1212 1615 1264 1656 nn·

116 1700 222 1757 merati
243 1705 372 1773 tempore
394 1703 470 1774 regia
491 1701 619 1761 chrici.

196 1803 313 1862 Summa
326 1812 379 1876 est,
393 1820 438 1862 me
453 1806 490 1863 nd
503 1804 709 1865 Celsitndinorn
724 1806 856 1865 Vestram
871 1805 1096 1864 illustrissimam
1113 1821 1264 1865 recurrere

116 1915 147 1967 et
166 1910 316 1967 humiliter
335 1916 445 1983 petere,
467 1916 499 1969 nt
520 1911 655 1980 dignetur
675 1909 745 1968 mihi
766 1911 820 1967 lroc
840 1908 1010 1968 berreficium
1024 1916 1173 1981 praestare,
1194 1911 1264 1969 acri-

114 2013 185 2071 berc
207 2014 342 2074 videlicet
362 2015 398 2074 ad
419 2016 525 2074 dictum
547 2015 692 2074 dominnm
717 2016 859 2088 legatum,
891 2021 923 2073 nt
950 2014 1191 2089 quemadmodum
1211 2014 1264 2073 do·

115 2121 194 2177 centi
222 2121 349 2178 coronati
377 2119 495 2179 inerunt
521 2120 688 2191 constituti,
721 2127 753 2178 nt
779 2125 1001 2179 numerarentur
1030 2126 1061 2179 et
1088 2119 1264 2193 aliquamdiu

114 2225 260 2282 numerati
281 2223 413 2292 inerunt,
436 2231 624 2282 numerentur
644 2241 719 2282 nnnc
740 2240 866 2297 quoque3
898 2223 974 2295 qnod
995 2225 1085 2294 ipsum
1108 2222 1261 2292 iacturum,

115 2328 232 2388 minime
254 2329 363 2387 dubito.

195 2433 281 2491 Aliud
303 2438 347 2490 est
367 2435 453 2491 etiam
474 2433 502 2490 in
525 2432 579 2490 hac
600 2449 631 2490 re
652 2430 884 2505 ponderandum:
918 2448 974 2504 qno
996 2439 1127 2506 tempore
1147 2431 1264 2491 ducenti

112 2539 246 2596 coronati
266 2537 508 2607 numerabantur,
540 2553 629 2608 nepos
655 2552 735 2594 meus
756 2535 919 2593 ludovicus
933 2533 961 2606 ²,
992 2536 1041 2609 qni
1070 2534 1263 2594 consiliarium

113 2645 176 2716 agit
196 2643 278 2702 ducis
298 2643 440 2714 Prnssiae,
471 2642 501 2698 in
522 2641 644 2701 Galliam
665 2639 813 2714 proiectus
834 2647 880 2697 est
901 2645 931 2696 ct
957 2639 1147 2713 supplicarit,
1178 2645 1211 2698 ut
1233 2640 1263 2698 in

112 2732 167 2808 suo
188 2748 279 2821 ipsius
300 2750 414 2806 nornine
434 2748 534 2820 pensio
555 2753 770 2816 numeraretur,
798 2750 950 2818 postquam
977 2743 1038 2801 vita
1058 2740 1173 2802 innotus
1193 2741 1264 2802 luis·

113 2870 185 2912 sem.
217 2852 358 2924 Obtinuit,
380 2851 455 2925 quod
475 2851 569 2923 petiit,
592 2848 831 2924 quemadmodum
851 2852 934 2922 patet
954 2863 990 2905 ex
1009 2847 1088 2919 regis
1108 2846 1192 2915 libro,
1214 2846 1263 2904 ubi

112 2958 253 3033 scriptum
274 2956 329 3016 init
347 2956 411 3029 ejnn
430 2972 533 3015 nomen
554 2957 617 3013 loco
638 2953 760 3013 nominis
779 2953 851 3025 mei;
872 2953 970 3023 itaque
991 2953 1015 3008 ai
1036 2949 1184 3023 negotium
1205 2964 1261 3008 non

114 3062 330 3132 emendaretur,
351 3068 450 3135 posset
470 3062 647 3133 contingere,
669 3066 701 3116 nt
721 3061 826 3118 iterum
843 3056 885 3115 illi
899 3056 1159 3128 solverenturpoat
1171 3069 1264 3112 meam

115 3172 239 3225 mortem
260 3170 374 3224 centnm
396 3165 556 3237 ervigium,
578 3181 634 3222 non
655 3169 751 3223 antem
772 3161 888 3221 ducenti
902 3159 1042 3226 coronati,
1061 3173 1152 3231 quare
1165 3172 1265 3217 occur-

112 3272 236 3330 rendum
258 3277 335 3329 essct
356 3270 407 3327 tali
428 3269 607 3327 incommodo
629 3275 658 3326 et
682 3265 865 3327 scribendum
893 3263 929 3321 de
955 3267 1019 3321 tola
1044 3277 1076 3319 re
1098 3260 1193 3321 eidem
1214 3260 1265 3318 do·

112 3379 193 3435 mino
214 3376 319 3448 legato,
342 3376 391 3449 qni
412 3393 474 3433 cum
496 3375 533 3432 eit
554 3376 595 3432 ita
615 3373 744 3444 allectus,
765 3388 826 3430 rern
847 3371 889 3427 ita
910 3381 1083 3441 componere
1104 3371 1212 3440 posset,
1233 3370 1266 3423 ut

114 3480 227 3553 liquido
247 3485 417 3553 appareret,
438 3476 516 3550 quod
536 3493 585 3535 res
607 3484 652 3536 est
672 3474 799 3552 (sincere
821 3475 896 3531 enim
918 3471 1044 3548 agitur),
1067 3470 1137 3528 mihi
1157 3469 1267 3528 scilicet

114 3583 288 3644 constitutos
308 3583 396 3642 inisse
418 3598 436 3639 a
456 3599 525 3655 rege
546 3581 686 3641 ducentos
707 3586 874 3650 coronatos,
896 3576 1001 3637 deinde
1024 3575 1141 3636 eosdem
1161 3575 1269 3634 consti·v

683 3703 698 3736 ὴ

189 3787 202 3838 1
224 3785 250 3838 S.
270 3802 296 3837 n.
314 3785 374 3839 203.
412 3780 580 3850 Pomponius
599 3778 745 3840 Bellicum,
766 3775 920 3847 geb21529,
939 3774 1106 3829 statthalter
1124 3774 1154 3828 in
1173 3772 1265 3840 Lycum

115 3874 159 3928 ala
179 3871 457 3927 aulierordentlicher
474 3867 626 3940 geeandter
644 3866 672 3919 in
692 3865 741 3918 der
754 3862 878 3917 Schwein
897 3860 1078 3916 accreditiert
1093 3859 1169 3914 lien
1189 3857 1266 3919 1563,

114 3959 169 4015 viel
194 3957 389 4013 verwendeter
413 3955 553 4026 diplomat
579 3952 637 4006 und
662 3954 856 4013 staatcmsnn,
886 3949 953 4003 1601
974 3950 1057 4002 nnter
1074 3944 1207 4000 Heinrich
1227 3943 1266 3996 IV

114 4045 228 4102 canaler
245 4059 302 4098 von
320 4041 500 4098 Frankreich.
536 4040 648 4108 †1607.
685 4037 710 4091 S.
730 4037 771 4090 br.
791 4055 817 4090 ιι.
837 4037 898 4091 209.
917 4035 978 4089 210.

185 4131 339 4201 2Ludwig
358 4128 493 4186 warluni
508 4129 576 4182 1563
594 4126 666 4181 nach
679 4123 808 4180 Prenssen
827 4122 975 4194 geschiclrt
993 4119 1114 4184 worden,
1133 4137 1154 4172 a.
1174 4136 1201 4174 n.
1216 4117 1266 4171 183

68 4201 72 4209 '
113 4221 174 4276 una
194 4220 255 4274 rac

170 4325 264 4379 Vertar
1023 4303 1055 4358 27
