2768 4740
115 251 185 306 1562
662 254 724 314 333

194 423 295 482 Scribo
317 440 352 483 ex
373 423 468 481 media
488 424 549 493 via,
571 438 674 496 nempe
695 440 731 481 ex
753 422 946 496 Valtobuooh,
968 426 1035 500 qnia
1054 426 1096 485 sio
1116 441 1189 498 opos
1210 432 1263 484 est.

88 516 93 525 ’
114 528 212 600 Satan,
234 528 289 588 hoo
309 535 362 598 est,
383 545 497 587 remora
516 529 591 588 solet
612 528 748 602 operibus
771 530 827 587 Dei
849 530 1055 604 impedimento
1072 530 1209 602 objicere,
1231 538 1264 588 ut

110 649 195 691 mane
217 650 328 691 mecum
348 632 433 703 fecit3
455 651 518 692 cnm
539 633 614 692 enim
636 633 756 692 habeam
776 641 901 708 quotuor
914 652 1013 709 equos,
1035 653 1155 708 quornm
1171 634 1263 693 tribus

112 746 180 797 ntor
200 738 237 797 ad
257 755 384 810 currum,
405 747 509 812 quarto
530 757 604 798 nnus
626 756 661 797 ex
682 740 753 797 meis
774 741 882 806 utitur,
914 741 1051 812 contigit,
1079 748 1111 798 ut
1132 757 1206 798 unus
1226 759 1263 800 ex

111 842 205 901 tribus
224 859 309 902 mane
330 841 419 901 fuerit
438 843 593 915 insigniter
612 844 697 902 lassus
717 848 837 916 propter
857 844 918 901 vias
939 849 1089 901 concretas
1114 849 1145 900 et
1167 844 1264 902 multis

112 948 142 1005 in
163 947 235 1006 locis
255 947 348 1019 glaeie
370 947 485 1007 minime
506 945 775 1022 fi1·moimpeditas;
804 949 833 1006 in
854 964 964 1006 summa
986 963 1103 1016 vereor,
1130 964 1166 1006 ne
1192 948 1264 1006 mihi

115 1052 208 1124 possit
229 1052 369 1122 usquein
390 1050 532 1109 Rhoetiam
558 1048 700 1110 sufficere.
739 1053 804 1132 ,Quo
830 1065 1027 1122 recurrerem,
1058 1052 1112 1108 nisi
1140 1049 1177 1108 ad
1198 1049 1263 1110 Gle-

113 1159 322 1216 mentissimum
349 1157 501 1216 Dominum
532 1156 649 1216 meum?
698 1157 794 1229 Quare
826 1157 974 1230 supplico,
1004 1162 1037 1213 nt
1067 1154 1263 1213 illustrissima

115 1259 266 1319 Celsitudo
296 1260 404 1317 Vestro
434 1259 569 1331 dignetur
596 1275 648 1330 pro
675 1275 727 1317 sna
753 1258 839 1317 solita
865 1259 976 1331 pietate
1007 1258 1166 1317 concedere
1193 1260 1262 1317 mihi

113 1381 219 1437 equum
238 1380 291 1437 pro
312 1380 416 1437 curru,
438 1380 494 1423 non
516 1381 583 1423 curo
605 1363 787 1438 elegantiam,
808 1364 961 1424 dommodo
981 1362 1065 1423 fortis
1077 1366 1115 1421 sit
1130 1371 1160 1423 et
1171 1369 1263 1440 possit

112 1449 188 1529 bene
208 1470 341 1537 trahere,
363 1472 523 1543 praesertim
544 1487 606 1529 cum
629 1471 682 1530 viae
702 1470 761 1528 sint
781 1472 925 1543 pessimae,
955 1478 1068 1529 etcum
1089 1469 1126 1526 ad
1147 1487 1263 1530 saxosas

113 1591 250 1649 pergam;
273 1577 356 1633 mitto
377 1575 524 1647 proprium
546 1575 687 1642 nuntium,
709 1579 758 1648 qni
770 1574 948 1648 exspectabit
962 1592 1137 1649 responsum.
1158 1577 1264 1635 Vestra

112 1679 260 1739 Celsitudo
281 1680 479 1739 Illustrissima
499 1687 585 1755 agat,
616 1681 694 1754 quod
714 1682 794 1740 Deus
821 1680 1021 1754 inspiraverit,
1049 1681 1154 1739 iterum
1183 1681 1260 1750 dieo,

113 1802 170 1844 non
192 1785 292 1856 habui,
314 1800 370 1858 quo
391 1801 436 1843 me
457 1789 616 1853 verterem,
641 1799 705 1840 cum
726 1799 782 1841 non
803 1785 857 1840 nisi
879 1781 1003 1841 morbosi
1025 1789 1054 1840 et
1075 1782 1158 1841 valde
1180 1802 1264 1843 senes

111 1886 313 1956 inveniantur,
346 1888 370 1944 si
398 1887 461 1960 quis
488 1886 557 1943 velit
578 1900 675 1943 emere
696 1872 732 1942 ex
752 1885 923 1957 improvis03
956 1886 1023 1944 boni
1044 1888 1176 1946 consulat
1195 1888 1264 1946 Iltu-

111 1994 253 2053 strissima
274 1992 423 2050 Celsitudo
440 1991 558 2063 Vestra,
580 1992 627 2050 cui
647 2006 692 2048 mo
713 1998 883 2050 reverenter
902 1991 1087 2063 commend03
1117 1992 1212 2063 gratia
1233 2000 1264 2051 et

112 2114 170 2172 pax
192 2098 298 2156 domini
320 2097 411 2155 nostri
431 2096 502 2155 deso
523 2094 631 2154 Christi
651 2113 716 2153 oum
736 2095 795 2154 illo.

192 2202 298 2258 Datum
320 2199 349 2256 in
371 2198 549 2258 Valtehuoch
570 2203 589 2255 4
610 2198 707 2257 Martii
732 2202 816 2258 1562.

867 2303 997 2364 Servitoi·
1018 2306 1184 2379 Vergerins.

658 2577 727 2632 151ss

420 2704 543 2791 Vergor
566 2728 609 2771 an
630 2707 750 2792 herzog
772 2706 956 2792 Christoph.

518 2837 591 2895 Tala
615 2841 645 2893 11
670 2837 752 2894 Mttrz
776 2840 859 2896 1562.

185 2956 276 3010 sistet
295 2956 397 3027 herzog
410 2956 559 3026 Chrishoph
579 2975 623 3010 um
645 2957 710 3026 geld
731 2958 774 3011 tor
792 2958 838 3012 die
856 2959 885 3012 in
896 2957 1044 3030 'fiibiugen
1063 2957 1261 3012 studieronden

113 3053 269 3107 hithhauer.

192 3151 390 3210 illustrissime
411 3149 550 3221 Princeps
571 3157 600 3210 et
623 3150 743 3210 Domine
756 3150 887 3210 'Domine
909 3151 1154 3211 clementissimo!

192 3256 309 3315 Domini
337 3256 454 3314 Litnoni
489 3257 563 3328 mei,
592 3256 641 3329 qui
662 3255 820 3328 Tuhingam
845 3257 1005 3315 studiorum
1032 3270 1120 3314 cansa
1144 3271 1176 3313 se
1197 3272 1263 3314 eon-

113 3362 255 3432 tulerunt,
276 3370 367 3435 agunt
387 3362 495 3434 gratias
516 3361 654 3419 maximus
674 3361 754 3420 Patri
776 3362 896 3429 coelesti,
917 3361 966 3435 qni
988 3376 1038 3419 eos
1057 3361 1085 3419 in
1106 3362 1264 3434 protectio·

114 3484 180 3524 nem
202 3465 408 3524 Illustrissimae
430 3465 617 3525 celsitudinis
638 3467 752 3525 Vestras
772 3466 909 3537 deduxit,
930 3466 1036 3540 quippe
1057 3483 1075 3525 a
1095 3483 1152 3540 qua
1173 3467 1264 3525 multa
1352 3476 1356 3499 '

111 3568 253 3629 beneficia
273 3576 457 3642 aeceperunt.
498 3569 623 3643 Sperant
644 3587 729 3638 vero,
759 3572 838 3629 illam
864 3578 1114 3645 perseveraturam
1136 3588 1189 3644 pro
1210 3588 1263 3630 sua

113 3674 274 3742 clementia,
297 3675 458 3747 praesertim
479 3691 555 3733 nuno
574 3693 637 3734 oum
654 3676 684 3734 in
700 3677 855 3735 maximum
870 3676 1024 3737 inciderint
1039 3677 1262 3746 incommodum

113 3795 176 3837 oum
198 3780 274 3837 enim
295 3785 364 3836 onte
385 3794 436 3836 sex
457 3795 569 3838 menses
589 3780 627 3838 ad
647 3780 713 3840 illos
742 3798 778 3839 ex
802 3782 897 3854 patria
917 3783 1041 3841 tresenti
1061 3782 1145 3840 taleni
1166 3780 1262 3838 mitte·

112 3890 224 3954 rentur,
246 3881 383 3940 Herhroti
405 3883 568 3955 Augustani
588 3901 638 3943 eos
658 3885 738 3942 miris
758 3884 869 3944 artibus
889 3885 1094 3955 detinuerunt,
1126 3884 1264 3942 successit

112 3995 216 4062 postea
236 3988 263 4046 d.
282 3987 479 4062 Varnbilerus,
501 3989 550 4062 qni
570 3989 648 4048 visos
668 3996 722 4062 est,
742 4007 774 4049 se
795 3991 870 4049 velle
891 4007 944 4063 pro
966 3987 1118 4047 Herbrotis
1138 3987 1262 4061 solvere,

112 4094 331 4166 numeravitque
352 4093 533 4165 particulam,
554 4093 609 4152 hoo
629 4101 682 4166 est,
704 4097 741 4152 50
762 4093 899 4163 florenos,
921 4092 1038 4153 tandem
1061 4105 1130 4149 vero
1151 4089 1263 4149 nobiles

112 4199 190 4271 ipsos
218 4196 318 4255 litibus
345 4198 483 4263 involvit.
515 4204 548 4256 ut
573 4197 687 4256 interea
714 4200 807 4256 multo
833 4203 973 4270 cogantur
991 4196 1053 4269 poti
1074 4193 1262 4265 inoommodo,

113 4301 245 4374 supplico
266 4300 295 4357 in
316 4315 425 4358 summu
445 4298 656 4359 Pientissimam
677 4299 885 4360 celsitudinem
904 4299 1054 4370 Vestram,
1075 4304 1108 4356 ut
1128 4297 1265 4370 dignetur
