2768 4740
116 281 183 336 1561
659 286 721 348 257

113 453 219 514 mendo
234 470 280 513 me
298 459 467 513 reverenter
482 453 688 514 Illustriasimae
704 454 875 514 celsitudini
886 456 1009 528 Vestra,
1027 455 1154 518 coelestia
1174 458 1264 519 Pater

112 564 220 630 augeat
239 556 282 615 illi
303 572 371 615 suos
391 555 504 616 divinos
525 558 693 630 thesauros,
720 557 853 631 spiritum
881 563 911 616 et
938 557 1024 618 iidem
1044 574 1098 632 por
1118 562 1263 623 Christum

112 662 260 722 dominum
280 667 419 720 nostrum.

190 766 332 841 Tubingae
352 766 480 826 calendis
500 768 633 826 ianuarii
653 766 791 825 MDLXI.

418 871 620 931 Illustrissimae
641 870 829 930 Oelsitudinie
849 871 960 931 Vestrae

876 977 1000 1036 servitor
1017 976 1182 1050 Vergerius.

185 1106 401 1176 Bemerkungen
420 1122 466 1158 am
484 1106 573 1160 rande
592 1123 647 1161 von
666 1106 770 1175 herzog
788 1105 953 1175 christophe
972 1105 1062 1161 hond:

182 1213 200 1251 a
218 1195 291 1250 Haht
309 1193 369 1248 sein
386 1211 457 1265 vveg.

187 1282 206 1336 b
225 1282 265 1336 Isi
283 1280 356 1335 noch
373 1299 407 1335 au
425 1281 500 1347 fruc,
525 1283 582 1337 dan
606 1300 635 1337 er
660 1282 731 1338 noch
755 1282 785 1337 in
804 1272 868 1338 dem
887 1283 1010 1338 anseheu
1028 1283 1073 1337 nit
1090 1282 1139 1348 ist,
1164 1285 1263 1340 sontior

115 1387 169 1426 von
188 1370 295 1425 andern
313 1369 575 1438 mitgubernahoren
593 1370 762 1425 uberetimbt
787 1370 895 1425 wirdet.
932 1370 991 1426 Soli
1008 1371 1071 1436 ime
1095 1370 1190 1440 copias
1214 1372 1263 1427 dea

113 1458 219 1513 Beaena
237 1458 365 1528 aeittung
383 1456 484 1512 latiine
503 1457 669 1527 geschiekht
688 1459 807 1513 werdem

184 1563 198 1600 c
218 1545 259 1599 Ist
277 1544 320 1598 nit
339 1542 449 1614 gewiii,
477 1544 527 1599 das
553 1545 590 1599 da
616 1545 666 1599 das
684 1543 834 1600 concilium
853 1544 948 1600 seinen
974 1547 1099 1618 fflrgang
1124 1547 1262 1613 erraiche;

112 1631 267 1686 darumben
287 1631 360 1686 noch
380 1630 459 1687 nieht
477 1650 510 1684 zu
527 1631 695 1695 sohlieaaen,
726 1632 784 1686 und
802 1632 840 1685 ist
859 1631 912 1687 wol
938 1651 972 1686 nu
997 1634 1199 1698 bedenckheu,
1227 1635 1264 1689 ob

112 1719 206 1773 ainem
224 1719 349 1789 privato,
376 1719 425 1774 der
442 1718 502 1773 also
520 1735 574 1773 von
593 1719 648 1773 den
667 1718 912 1774 antichristlichen
929 1721 1042 1776 asseclis
1061 1721 1120 1777 also
1140 1721 1274 1786 verberat·

113 1823 147 1860 nu
166 1805 254 1860 ihuen
273 1823 353 1877 aeyc,
377 1806 436 1861 sich
455 1824 489 1860 nu
508 1806 575 1860 ineu
594 1805 653 1861 aleo
671 1804 760 1861 libere
779 1806 823 1862 vel
841 1807 933 1876 potius
953 1811 1058 1863 temere
1076 1827 1108 1862 ιιι
1127 1808 1262 1878 begeben.

111 1891 186 1946 dber
205 1893 256 1948 dae
274 1893 368 1948 sieheh
385 1892 510 1948 vveittera
527 1911 561 1947 au
579 1892 770 1949 bedeuelrhen.

654 2148 719 2205 108.

418 2279 544 2367 Verger
567 2302 609 2346 an
632 2281 751 2366 herzog
774 2279 960 2365 Christoph.

465 2418 616 2491 'itihingen
639 2420 675 2476 iti
695 2419 807 2479 Jauuar
830 2420 914 2478 1561.

183 2537 259 2602 Uber
277 2546 338 2603 sein
356 2547 512 2610 verhaben,
538 2545 612 2601 nach
631 2544 730 2601 Trioni
747 2563 781 2599 ιιι
800 2544 891 2616 gehen
901 2567 909 2610 ;
936 2545 1105 2611 Scaliehius3
1135 2546 1263 2603 wdneoht

113 2644 210 2700 seiuen
227 2644 320 2700 ueffen
339 2644 412 2700 nach
430 2643 517 2700 Polou
534 2661 569 2697 ιιι
586 2642 700 2698 seudeu.

194 2759 392 2819 illustrissime
413 2759 550 2832 Princeps
572 2766 602 2817 et
621 2757 744 2817 Domine
764 2758 887 2817 Domine
908 2757 1153 2818 clementissime!

192 2863 289 2922 Habui
311 2863 425 2923 concilii
443 2864 630 2924 indictionem
641 2863 659 2935 ¹,
681 2879 765 2937 quam
785 2878 842 2921 non
864 2870 910 2921 est
929 2861 1055 2935 dubium,
1077 2862 1146 2936 quin
1156 2862 1263 2920 Vestra

115 2967 265 3028 celsitudo
286 2969 404 3041 haheat,
426 2969 552 3043 alioquin
572 2969 726 3028 mitterem.
767 2966 876 3040 Scripsi
894 2982 989 3026 meum
1009 2966 1158 3026 consilium
1178 2981 1262 3026 reve·

113 3079 224 3146 renter,
245 3073 314 3148 quid
335 3074 446 3132 scilicet
466 3073 614 3134 videretur
634 3073 779 3147 agendum
799 3080 830 3133 et
848 3074 942 3134 mitto.

193 3175 301 3249 Scripsi
333 3193 397 3236 cum
426 3176 520 3237 adhuc
548 3177 654 3236 Vestra
681 3177 877 3238 illustrissima
904 3176 1053 3237 celsitudo
1082 3181 1158 3237 esset
1185 3175 1264 3235 Stut·

112 3281 233 3355 gurdiae,
255 3298 300 3342 me
320 3282 430 3341 moveri
449 3300 467 3342 a
487 3282 597 3356 Spiritu
618 3290 727 3355 sancto,
748 3291 781 3343 ut
802 3289 917 3357 egomet
935 3283 1065 3354 privetur
1085 3280 1264 3356 accederem,

113 3387 198 3460 cujus
219 3387 263 3446 rei
284 3385 404 3458 consilii,
425 3389 569 3461 quianon
590 3388 790 3460 reddideram,
820 3402 897 3446 nunc
915 3387 1016 3460 paucis
1034 3385 1157 3446 reddam
1176 3385 1265 3444 ratio·

112 3506 190 3550 nem.
231 3491 296 3553 Duo
317 3493 389 3552 salvi
409 3490 566 3551 condamus
585 3489 748 3550 Tridentini
775 3487 956 3549 conciliabuli
976 3494 1044 3547 sunt
1064 3487 1149 3548 valde
1170 3485 1266 3545 deiec-

113 3595 176 3668 tivi,
195 3597 351 3670 macilenti,
371 3597 512 3655 insidiosi.
552 3597 649 3670 Quare
669 3595 838 3655 concinnavi
857 3594 1009 3667 scriptum,
1031 3593 1061 3650 in
1082 3608 1139 3667 quo
1158 3598 1227 3665 peto
1247 3607 1266 3649 a

113 3702 263 3762 cardinale
273 3702 443 3763 Tridentino
452 3701 473 3775 ¹,
493 3708 527 3761 ut
539 3709 623 3762 curet
633 3701 704 3759 mihi
717 3698 932 3759 reformandum
952 3695 1264 3764 selvumcouductum,

114 3815 144 3865 et
167 3806 341 3879 demonstro,
363 3807 466 3881 quihus
486 3807 515 3864 in
536 3808 607 3866 locis
627 3807 665 3866 ait
684 3804 894 3865 reformandus.
935 3804 996 3864 Aut
1015 3802 1106 3876 igitur
1125 3797 1265 3859 reforma·

113 3911 207 3986 bitur,
236 3919 287 3972 aut
306 3927 379 3987 non;
404 3913 430 3970 si
449 3909 671 3984 reformabitur,
698 3911 834 3971 accedam
854 3907 977 3968 confisus
998 3922 1055 3966 non
1076 3903 1192 3979 quidem
1212 3903 1264 3961 hu·

116 4032 201 4077 mano
221 4018 300 4077 salvo
321 4017 479 4092 conducto,
500 4018 553 4079 sed
571 4019 601 4077 iu
622 4018 678 4077 Dei
697 4017 879 4092 protectione
899 4021 987 4090 atque
1007 4008 1220 4082 misericordia3
1240 4008 1267 4068 si

682 4149 698 4180 ’i

183 4253 201 4391 ἑ
220 4251 445 4409 {1123me
463 4335 649 4393 Muddruooio.
685 4333 713 4394 S.
731 4333 773 4388 br.
791 4352 818 4389 n.
837 4333 880 4388 49.

169 4443 262 4496 verger
1022 4426 1053 4479 17
