2768 4740
659 249 720 308 323

659 525 722 578 145.

418 649 542 735 Verger
565 672 607 714 an
630 651 749 735 herzog
772 648 959 734 Chrisloph.

466 790 615 862 Tttbingen
638 793 675 847 28
696 790 806 848 Jauuar
829 793 912 848 iser.

185 921 275 975 Biitei
294 940 340 975 uur
360 921 405 975 die
425 920 582 983 erlanbnill,
605 920 674 975 nach
694 921 882 975 Grauliriuden
905 921 993 974 misen
1014 939 1045 974 zu
1068 921 1174 976 dirrfeu.

184 1018 352 1072 'lheilweise
371 1026 434 1084 (von
449 1017 537 1072 Hodie
556 1018 672 1071 tolidem
693 1017 733 1069 bia
754 1017 937 1084 verissimum)
956 1017 1041 1070 sehon
1061 1017 1198 1087 gedruelrl
1219 1017 1263 1070 ini

113 1114 221 1169 Saltler
241 1112 287 1175 iv,
310 1114 368 1167 182.

192 1229 389 1287 illustrissime
410 1230 550 1303 Princeps
571 1236 600 1287 et
622 1230 743 1287 Domine
766 1229 887 1286 Domine
909 1204 1151 1289 Clementissime!

194 1335 301 1405 Accepi
324 1335 428 1393 nudius
451 1336 554 1393 tertius
569 1335 681 1391 Vestrae
698 1333 904 1391 illustrissimae
921 1333 1108 1392 celsitudinis
1129 1333 1263 1391 litteras¹

115 1454 174 1496 una
194 1455 258 1496 cum
279 1438 410 1510 exemplo
432 1455 559 1496 mearum
572 1436 609 1495 ad
624 1436 800 1496 cardinalem
816 1437 840 1493 F
843 1438 960 1494 errarire
975 1437 1136 1494 litterarum
1146 1436 1165 1493 ³,
1193 1439 1262 1495 cnm

115 1559 184 1600 vero
215 1542 483 1607 animadverterim,
513 1559 561 1600 cas
582 1543 694 1600 Vestrae
717 1541 886 1600 Celsitudini
909 1559 965 1599 non
987 1541 1155 1615 displicere,
1183 1551 1264 1603 recta

113 1647 142 1703 in
159 1646 269 1704 Gallias
284 1664 337 1719 per
352 1648 486 1720 legatum,
509 1648 556 1720 qni
574 1648 653 1719 degit
669 1647 800 1705 Soloduri
812 1646 831 1716 ⁸,
853 1648 923 1709 misi,
946 1653 978 1704 ut
998 1647 1047 1705 ille
1068 1664 1153 1705 manu
1175 1648 1263 1719 serip-

113 1757 160 1810 tas
182 1750 296 1823 habeat,
318 1758 491 1824 anteaquam
512 1757 700 1823 spargantur;
721 1749 762 1805 sic
783 1748 856 1805 enim
879 1749 946 1807 mihi
969 1736 1084 1807 videtur
1105 1749 1235 1807 decere⁸.

193 1855 289 1914 Hodie
310 1855 426 1913 tandem
453 1854 541 1913 rediit
568 1870 603 1911 ex
624 1854 737 1912 eraetia
764 1852 947 1919 tabellarius,
976 1855 1025 1923 qui
1051 1853 1263 1926 eleemosynam

114 1959 303 2018 ducentorum
324 1959 521 2018 florenerunr⁴
550 1958 618 2016 illue
645 1957 798 2022 attulerat,
829 1974 885 2015 una
906 1975 967 2014 eom
990 1958 1060 2015 nreis
1082 1965 1142 2015 tres
1169 1965 1261 2029 erant,

114 2081 179 2138 quae
200 2064 237 2122 ad
259 2065 389 2123 Vestram
412 2064 635 2123 illustrissimam
657 2062 864 2120 celsitudinem
885 2062 1032 2133 pertinent
1052 2063 1171 2130 littere,
1193 2080 1263 2135 quas

113 2169 215 2238 mitto;
244 2184 294 2226 eas
315 2170 403 2226 etiam
423 2169 582 2237 mitterem,
605 2184 668 2240 quae
689 2166 724 2223 ad
747 2182 792 2222 me
813 2166 977 2236 pertinent,
1000 2173 1031 2224 ut
1052 2167 1182 2239 quaedam
1197 2166 1262 2224 Cel-

113 2273 210 2331 situdo
223 2272 327 2330 Vestra
340 2272 527 2347 intelligeret,
549 2272 600 2329 sed
613 2278 679 2329 sunt
693 2271 808 2341 scriptas
828 2269 935 2336 italice,
959 2287 1029 2327 uuas
1049 2277 1160 2328 tantum
1183 2271 1264 2346 (quia

113 2384 182 2434 sunt
202 2377 298 2435 latinae
321 2376 397 2434 docti
425 2383 455 2434 et
483 2392 587 2446 magua
614 2375 643 2432 in
674 2374 730 2432 illis
762 2375 874 2446 populis
901 2375 1074 2433 auctoritate
1102 2376 1262 2451 pastorisl)

113 2482 207 2550 mitto,
229 2483 277 2554 qui
298 2480 437 2551 affirmet,
469 2481 587 2539 eraetos
612 2481 677 2537 ilios
706 2481 846 2551 primores
874 2497 936 2537 esse
959 2479 1071 2537 l'estrar
1092 2479 1263 2564 Celsitudini

112 2584 321 2656 additissimos;
344 2585 447 2643 deinde
469 2585 604 2654 rescire,
626 2584 703 2656 quod
724 2600 780 2640 non
802 2583 859 2641 sint
879 2583 958 2639 illum
982 2600 1093 2652 passum
1115 2599 1166 2640 seu
1182 2591 1262 2641 tran·

113 2690 200 2747 situm
221 2706 274 2762 per
289 2689 378 2762 Alpes
398 2689 443 2746 rel
460 2688 547 2759 Papae
568 2687 612 2744 rel
637 2688 766 2745 lrosiibus
780 2686 1039 2744 illustrissimarum
1051 2686 1260 2745 celsitudinem

116 2794 284 2852 Vestrarun
304 2793 475 2864 concessuri,
497 2793 573 2865 quod
595 2808 698 2848 nerum
719 2808 764 2848 me
785 2790 868 2848 ralde
890 2791 1017 2847 delcetat
1039 2797 1069 2847 et
1089 2808 1173 2863 spero
1196 2809 1259 2849 csse

113 2898 311 2967 verissimum,
342 2897 456 2955 interea
487 2896 554 2953 dum
580 2895 686 2968 aliquid
713 2893 764 2951 liat.
792 2893 828 2950 ab
851 2910 918 2965 rege
942 2894 1104 2964 tiallorum3
1139 2911 1195 2951 uon
1217 2902 1262 2966 esi

113 3003 202 3060 etiarn
224 3001 465 3069 contemnendae,
488 3001 536 3071 qui
556 2998 668 3056 litteras
690 2997 818 3067 scripsit,
841 2994 1080 3067 quemadmodum
1101 3013 1197 3053 eoram
1217 2996 1259 3053 di·

113 3122 189 3176 eum,
211 3112 324 3164 amatur
345 3108 420 3162 enim
442 3105 500 3161 illic
523 3102 614 3160 valde.

193 3209 388 3268 illustrissime
402 3209 545 3281 Princeps,
567 3208 590 3264 si
607 3205 694 3264 inerit
713 3222 784 3278 opus
797 3204 825 3260 in
842 3205 966 3262 Galliam
980 3204 1129 3278 proticisci,
1152 3204 1260 3261 nullum

680 3338 695 3369 ›i‹

188 3420 197 3469 l
221 3418 247 3470 S.
270 3433 296 3469 n.
318 3419 376 3471 114.

183 3505 200 3557 2
219 3503 245 3558 S.
264 3523 293 3558 n.
313 3504 372 3558 128.

184 3594 201 3646 3
221 3591 381 3661 Cognatius,
400 3609 420 3644 s.
440 3607 466 3642 u.
488 3590 546 3644 122.

183 3682 201 3733 4
220 3679 246 3733 S.
267 3698 294 3733 n.
306 3673 363 3732 '137
379 3678 405 3731 ll.
436 3678 487 3731 sin
507 3676 676 3731 bruchsitick
695 3676 745 3729 des
764 3673 1128 3744 daulrsaguugsschreibeus
1146 3691 1166 3725 a.
1185 3672 1261 3726 Satt-

111 3765 153 3821 ler
174 3766 226 3828 IV,
257 3767 325 3829 182,
353 3765 397 3819 ein
423 3767 550 3834 spitores
575 3780 628 3816 von
649 3763 717 3816 Paul
738 3762 844 3834 cadum
867 3763 904 3828 (d.
926 3764 958 3815 lc
977 3759 1111 3828 Februer)
1138 3759 1174 3812 ib.
1195 3759 1261 3812 beil.

111 3872 131 3907 s.
151 3855 211 3907 229.
250 3854 361 3922 Meyer,
390 3851 552 3923 geschichte
576 3851 625 3904 der
649 3849 869 3918 evangelischen
897 3848 1043 3918 gemeinde
1068 3847 1096 3899 in
1124 3845 1260 3904 colurno,

110 3940 162 3995 cler
181 3940 334 4004 1124211,
355 3940 425 3994 auch
446 3957 498 3995 rou
519 3939 609 3994 dieser
628 3938 848 4009 angelcgeuheit
868 3937 954 3991 redet.
976 3936 1012 3989 ist
1031 3933 1114 3988 dabei
1133 3932 1260 3985 ziemlich

112 4027 269 4098 ungereehi
288 4045 380 4097 gegeu
400 4028 510 4097 Verger
528 4028 585 4081 und
604 4028 707 4096 herzog
727 4026 884 4094 christoph.

184 4119 200 4169 5
220 4115 276 4169 Der
294 4112 400 4169 zweiiel
420 4115 469 4168 des
487 4114 631 4185 prodigere
644 4114 790 4168 Fabricius
808 4130 862 4166 von
876 4111 959 4170 Char,
978 4108 1014 4162 eb
1034 4106 1079 4161 die
1098 4105 1185 4159 briel'a
1204 4105 1260 4160 alle

111 4202 174 4256 dam
195 4203 300 4272 herzog
318 4201 479 4272 ilbergeben
501 4202 612 4255 wordeu
632 4201 708 4255 seieu
726 4201 773 4270 (de
792 4201 877 4255 Porta
896 4198 929 4260 ll,
952 4195 1028 4261 172),
1051 4194 1088 4246 ist
1106 4193 1176 4246 nach
1196 4192 1258 4246 dem

110 4288 285 4358 gestanduiss
306 4305 358 4342 rou
378 4288 485 4358 Verger
502 4287 589 4343 solbat
606 4305 679 4357 gana
697 4284 923 4359 gerachtfertigt.

995 4376 1050 4434 21*
