2768 4740
121 264 191 322 1⁵⁰2
660 274 722 334 459

120 442 236 501 Viluam
257 458 347 516 usque
368 439 515 515 proiectus
537 447 589 499 est.
631 442 687 500 Sed
718 445 785 516 quiu
813 443 922 517 aliquid
949 442 1145 516 impedimenti
1165 443 1194 501 iu
1216 444 1269 502 liae

116 563 205 604 causa
224 546 403 613 intercessit,
434 552 464 603 et
483 562 597 605 remora
618 546 749 619 quedam
770 547 886 619 obJecta
915 547 984 618 tuit,
1013 550 1103 606 amice
1124 564 1266 619 rogemus,

116 656 149 707 ut
170 651 276 709 Vestro
298 650 421 709 Dilectio
442 650 479 709 de
502 651 641 722 vergerio
663 651 731 708 nilril
754 653 864 710 sinistri
891 652 1070 726 suspicetur,
1096 652 1147 709 sed
1174 653 1268 726 ipsum

115 763 283 813 excusatum
305 755 420 813 lrabeat.
462 757 581 815 Interim
603 757 714 814 Vestrae
737 757 893 815 Dilectioui
916 774 968 816 uos
996 757 1032 815 ed
1061 758 1157 815 omnis
1175 760 1268 816 amice

115 859 210 919 officia
229 857 624 934 promptissime'praestarua
644 860 808 920 offerentes.

195 954 393 1025 trescase:
447 955 450 961 ’

478 1069 523 1127 rid
544 1069 706 1128 Palatinum
730 1069 904 1129 Vilueusrru.

656 1353 723 1410 242.

423 1482 545 1567 Verger
568 1505 609 1547 an
633 1483 751 1569 herzog
773 1482 957 1568 Christoph.

540 1613 607 1670 Sine
629 1614 697 1671 dato
719 1620 750 1672 et
769 1614 840 1673 loeo.

555 1712 623 1768 Mun
643 1715 711 1771 1562
729 1715 824 1771 fallen.

190 1821 278 1874 sistet
298 1839 341 1872 uni
362 1820 435 1889 geld.

196 1919 389 1976 illustrissime
412 1918 564 1991 Princeps!

195 2022 264 2080 Curn
291 2023 484 2081 illustrissima
506 2021 654 2081 Celsitude
676 2023 781 2082 Vestra
809 2042 853 2082 me
878 2032 945 2083 autc
975 2042 1077 2084 novem
1103 2043 1193 2084 curres
1222 2024 1265 2082 lu·

113 2130 241 2199 gieuteur
263 2147 281 2186 a
302 2138 408 2202 papatu
430 2130 621 2202 suscepisset,
642 2147 695 2202 pro
717 2147 769 2188 suu
789 2133 897 2202 pietate
920 2137 949 2188 et
971 2132 1138 2202 clementie,
1161 2132 1265 2188 cousti-

113 2239 179 2290 tutu
199 2240 268 2291 tune
288 2235 355 2291 milri
378 2234 431 2290 luit.
452 2233 552 2307 pensio
570 2235 757 2293 ducentorum
774 2233 948 2293 florenorum
964 2237 993 2292 iu
1010 2252 1100 2304 aune;
1122 2243 1266 2307 praeterea

114 2336 267 2408 frumenta,
288 2341 363 2409 vius,
384 2356 475 2398 evena
496 2350 525 2399 et
546 2340 624 2412 ligua
645 2356 696 2411 pro
718 2341 784 2406 aliis
805 2348 920 2398 centurn
942 2342 1066 2401 circiter.
1104 2340 1175 2400 (lum
1198 2358 1266 2399 vere

115 2443 258 2502 Hernicus
281 2443 428 2502 Gallorum
455 2461 523 2516 rex,
552 2453 706 2517 antequam
728 2447 756 2502 iu
781 2447 913 2503 Vestrum
935 2446 1069 2503 ducatum
1094 2447 1232 2504 venissem
1248 2445 1265 2512 ¹,

115 2548 312 2606 constituisset
335 2548 404 2605 mihi
424 2549 611 2606 ducentorum
634 2555 836 2606 coronatorum
864 2551 1048 2622 pensionem,
1076 2551 1171 2621 potui,
1204 2558 1265 2608 tum

116 2650 303 2709 Celsitudiuis
324 2651 451 2719 Vestrae,
480 2660 539 2709 tom
569 2654 647 2727 regis
672 2653 810 2724 pensione
837 2653 1021 2711 mediocriter
1043 2655 1148 2712 risere.
1189 2653 1263 2712 Con-

116 2756 184 2827 tigit
204 2764 320 2827 autem,
352 2757 427 2829 qued
455 2760 556 2830 pensio
584 2758 664 2830 regie
692 2765 814 2831 urgente
836 2759 915 2831 Papa
936 2767 965 2816 et
987 2759 1109 2817 dominis
1130 2758 1265 2817 Guisanis

117 2877 208 2930 nuper
228 2860 297 2918 milri
318 2859 407 2920 fuerit
427 2862 574 2933 adempta;
596 2863 726 2935 contigit,
749 2868 781 2919 ut
802 2878 915 2920 anricus
937 2860 1013 2920 fecte
1028 2861 1117 2921 fuerit
1132 2863 1160 2920 iu
1177 2863 1265 2936 duple

117 2963 224 3036 carior3
247 2966 367 3037 contigit
389 2966 523 3039 denique,
545 2974 577 3024 ut
598 2968 766 3039 gravissimu
787 2967 930 3038 egritudo
951 2969 992 3025 ita
1013 2982 1058 3025 me
1080 2966 1266 3040 oppresserit,

120 3075 152 3126 ut
172 3086 288 3127 necesse
311 3069 399 3128 luerit
419 3087 526 3144 augere
549 3073 696 3128 uurnerum
718 3069 904 3138 famulorum,
926 3073 974 3145 qui
996 3087 1040 3128 me
1061 3077 1266 3141 sustentarent,

117 3173 159 3229 ite
178 3175 206 3230 iu
228 3191 346 3245 summu,
367 3182 400 3233 ut
421 3176 475 3232 nisi
497 3175 726 3233 Clernentissime
741 3176 888 3235 Celsitude
900 3178 1006 3235 Vestra
1025 3175 1096 3234 milri
1115 3192 1198 3248 eperu
1220 3183 1266 3235 tu·

119 3279 196 3349 lenit,
218 3281 403 3339 nullomodo
425 3281 530 3354 possim
553 3283 677 3340 eredere
705 3289 865 3356 egestatem
892 3284 920 3339 in
950 3281 1003 3340 bac
1028 3298 1092 3340 mea
1117 3286 1266 3340 senectute

118 3384 343 3454 aegritudiuaria.
394 3385 464 3444 Cuur
502 3402 569 3443 sero
607 3403 666 3444 rem
704 3393 793 3444 totam
835 3403 928 3444 coram
967 3386 1059 3444 eidem
1094 3385 1267 3446 Celsitudini

118 3490 230 3547 Vestrae
267 3506 447 3562 narrassem,
480 3492 625 3549 rrrnudauit
658 3491 745 3559 rnilri,
781 3500 811 3550 ut
849 3493 1014 3550 memoriale
1046 3493 1265 3562 conscriberem,

114 3595 209 3653 scribe
230 3596 327 3668 itaque
349 3603 378 3654 et
399 3613 443 3652 ure
466 3603 635 3654 reverenter·
656 3598 832 3655 cemoreudo.
866 3597 988 3655 llueenti
1006 3596 1134 3656 coronati
1147 3596 1267 3655 toeruut

115 3700 184 3756 milri
205 3701 312 3757 arlenrti
334 3702 377 3773 (ut
401 3700 481 3774 dixi),
504 3701 592 3757 erevit
614 3717 736 3759 annonae
758 3703 894 3775 pretione
917 3716 1130 3775 cogorquoque
1144 3706 1265 3772 propter

114 3805 341 3862 imbecillitatem
362 3807 461 3879 plures
483 3807 561 3864 alere
583 3805 658 3879 apud
687 3822 745 3876 rue;
774 3806 878 3863 Vestra
901 3806 1096 3864 illustrissima
1117 3802 1265 3862 Gelsitudo

113 3916 183 3980 egat
203 3926 313 3968 mecum
335 3926 418 3967 seruo
439 3910 508 3969 Jcsu
531 3910 653 3980 Christi,
687 3918 720 3969 ut
739 3929 757 3968 a
778 3911 840 3969 Deo
867 3909 1070 3982 inspirabitur,
1099 3915 1128 3966 ct
1156 3909 1201 3967 vel
1227 3907 1266 3966 ad

114 4030 198 4070 sunm
219 4014 448 4086 dispensatorem
469 4014 680 4087 'l'ubingeuseru
701 4015 824 4087 scribat,
853 4021 884 4074 ut
904 4015 1045 4082 voluerit,
1075 4013 1118 4069 vel
1147 4013 1193 4072 cui
1214 4029 1264 4071 vo·

114 4116 212 4190 luerit,
238 4118 374 4187 meusim,
405 4124 438 4176 ut
458 4120 514 4178 mei
534 4120 677 4180 rationem
697 4120 813 4181 hebeat.
854 4117 955 4192 Spero,
980 4134 1026 4177 me
1051 4133 1107 4177 non
1137 4115 1263 4176 futurum

682 4242 697 4279 s

187 4335 250 4390 ts.
271 4353 297 4391 n.
316 4336 376 4392 204.
