2768 4740
121 286 187 344 1501
659 293 718 351 271

115 478 205 520 morae
225 459 290 529 fnit,
312 459 388 534 quod
402 457 537 517 inciderit
552 460 580 515 in
598 466 720 531 tempus,
743 475 799 532 quo
811 459 889 530 regis
899 460 1047 517 coronatio
1061 459 1266 519 adornabatur.

116 565 283 640 Gogehatur
310 567 385 623 enim
415 563 508 621 aulam
538 566 618 636 sequi
639 563 759 622 Parisiis
786 580 876 635 usque
896 563 1003 622 Rems¹
1032 570 1062 623 et
1087 565 1192 622 iterum
1213 564 1267 623 Pa·

114 670 200 727 risios
221 671 327 729 redire.
369 669 443 726 Nam
465 684 517 725 rex
537 668 675 727 Navarra
696 668 905 741 dignatusest,
933 685 986 726 suo
1014 685 1064 726 ore
1091 669 1132 726 illi
1159 669 1266 743 dicere,

117 775 197 847 quod
218 775 289 833 uelit
310 792 375 833 eum
395 772 518 831 feliciter
539 773 675 845 expedire
697 781 727 831 ot
746 773 900 844 mandere,
926 780 958 832 ut
977 783 1157 845 sequeretur.
1199 773 1267 833 Car·

117 879 384 952 dinalisSatiglion,
407 894 490 951 quern
512 896 656 952 nunqnam
679 879 744 950 ridi,
765 879 803 936 ad
819 896 903 952 qrrem
915 878 1007 936 nullas
1018 879 1268 939 commendaticias

114 1001 205 1058 nepos
226 984 341 1051 habuit,
363 983 423 1055 egit
444 1000 495 1055 pro
516 1001 571 1055 me,
593 967 780 1056 quaecumque
807 983 965 1055 potuissem
988 983 1163 1042 desiderare.
1205 983 1264 1042 Au-

115 1088 225 1147 dieram
246 1088 371 1162 quidem,
393 1103 457 1144 eum
480 1085 577 1143 favere
599 1093 704 1143 nostrae
717 1085 860 1156 religioni,
881 1083 932 1142 sed
946 1101 1020 1144 nurrc
1033 1085 1117 1158 plane
1132 1102 1264 1158 agnosco,

116 1193 295 1250 verissimum
316 1192 345 1249 id
368 1208 440 1249 esse.
481 1190 587 1248 Scribit
608 1207 713 1261 nepos,
736 1207 766 1249 se
788 1188 947 1260 audivisse,
978 1189 1055 1261 quod
1074 1188 1151 1246 idem
1172 1190 1265 1249 cardi·

116 1296 190 1354 nalis
211 1313 308 1368 regem
330 1296 468 1353 Nasarrae
489 1295 672 1361 accessisset,
700 1304 795 1354 etms
816 1295 1004 1354 vehementer·
1025 1294 1263 1365 commendasset,

116 1416 206 1473 quare
227 1416 258 1458 se
280 1400 317 1457 ad
345 1401 458 1458 domum
485 1400 574 1471 ipsius
602 1401 755 1458 cardinalis
783 1401 939 1458 accessisse
970 1405 1000 1456 et
1026 1399 1134 1471 gratias
1162 1400 1265 1470 egisse,

115 1503 292 1562 cardinalem
312 1510 408 1562 autem
431 1521 461 1562 se
483 1503 670 1575 patefecisse,
702 1506 777 1577 quod
806 1511 912 1564 nostrae
941 1504 1079 1562 doctrinae
1100 1503 1174 1561 hene
1196 1502 1267 1561 velit

119 1616 215 1667 etms
238 1610 323 1681 longe
347 1608 438 1682 pluris
467 1607 571 1679 faciat,
604 1626 687 1682 quam
715 1610 766 1666 sim
796 1608 953 1668 faciendus.
995 1607 1064 1664 (lum
1087 1624 1156 1681 ergo
1177 1623 1266 1680 nepos

99 1712 239 1771 'redierit
259 1714 296 1771 a'd
317 1713 524 1773 Celsitudinem
548 1714 677 1773 Vestram
700 1714 803 1790 (dixi),
835 1714 968 1773 accedam
998 1712 1034 1770 de
1061 1713 1159 1770 multis
1179 1711 1266 1770 rebus

113 1821 274 1877 locuturus.
317 1819 448 1890 luterea,
481 1836 544 1876 curu
572 1818 780 1878 illustrissimus
809 1820 865 1877 dux
893 1817 1086 1892 Bipoutiuus¹
1113 1819 1143 1876 id
1173 1835 1190 1876 a
1220 1834 1265 1878 me

115 1920 251 1995 diguatus
270 1922 359 1981 fuerit
379 1930 494 1995 petere,
523 1923 617 1981 scribo
631 1923 656 1991 ⁸,
684 1942 748 1996 quae
781 1942 843 1983 oum
869 1925 964 1997 legato
985 1923 1144 1981 antichristi
1165 1929 1264 1981 contu·

113 2027 206 2096 lecim,
238 2043 319 2099 rrum,
347 2027 370 2083 si
392 2043 448 2084 nou
469 2026 534 2084 aliis
554 2026 714 2098 proderunt
734 2025 833 2102 (spero
855 2033 952 2085 autem
972 2025 1136 2101 profutura)
1163 2026 1265 2084 saltem

113 2129 214 2190 futura
236 2137 304 2189 sunt
330 2132 524 2189 testimonium
556 2138 586 2189 et
608 2131 697 2190 ueluti
718 2132 820 2205 pignus
839 2149 911 2191 meae
932 2134 1102 2192 constantiae
1124 2130 1188 2207 (per
1208 2133 1263 2190 Dei

113 2234 251 2310 gratiam)
271 2235 300 2291 in
321 2233 375 2291 bac
400 2240 500 2293 nostra
526 2234 705 2294 sanctissima
731 2234 873 2307 religiono
899 2244 1001 2296 renata
1029 2236 1074 2296 sel
1098 2235 1265 2309 reformate,

113 2341 274 2398 eratenim
296 2338 543 2398 deformatissima.
585 2338 643 2398 Sed
668 2340 758 2399 Pater
784 2342 910 2401 ooelestis
937 2360 989 2415 pro
1010 2361 1062 2402 sua
1082 2342 1194 2402 infinita
1214 2344 1265 2402 uri·

112 2443 271 2502 sericordia
290 2459 344 2515 per
364 2442 574 2501 illustrissimus
595 2443 790 2504 celsitudines
812 2446 931 2504 Vestras
950 2445 1132 2517 reformarit,
1160 2449 1206 2506 cui
1226 2449 1265 2506 sit

112 2551 208 2607 honor
228 2556 256 2606 et
278 2548 370 2619 gloria
396 2549 424 2605 in
451 2547 667 2619 sempiternum.
709 2548 823 2621 Augeat
849 2556 944 2608 autem
973 2550 1104 2609 omnibus
1128 2549 1261 2609 fidelibus

111 2669 181 2711 suos
207 2650 320 2710 divinos
341 2651 511 2720 thesauros,
543 2650 675 2722 spiritum
701 2657 731 2711 et
758 2650 841 2711 fidem
869 2670 922 2726 per
942 2653 1087 2713 Christum
1114 2654 1262 2714 dominum

112 2763 253 2815 nostrum.

194 2860 301 2948 Datum¹
322 2859 460 2930 Tubingae
481 2860 528 2918 die
550 2859 632 2918 XVII
653 2859 734 2918 lunii
756 2862 840 2918 1561.

342 2963 547 3023 lllustrissimoe
569 2964 755 3023 Gelsitudinis
776 2964 888 3023 Vestris
909 2967 1034 3025 servitor

1015 3071 1182 3144 Vergerius.

187 3171 258 3225 Vom
277 3170 380 3241 herzog
398 3170 501 3224 dar-uui
520 3172 640 3239 gesetzt:

187 3257 246 3311 Soll
266 3257 329 3311 dem
349 3256 525 3311 churfttrsteu
545 3256 592 3311 ain
611 3256 674 3326 copi
693 3257 799 3311 damon
825 3258 1025 3328 sogesohickht
1044 3260 1162 3315 werden.
1199 3261 1266 3325 ime,

114 3343 265 3413 Vergario,
291 3344 337 3397 aiu
358 3343 454 3397 hriede
472 3361 524 3413 per·
542 3343 687 3413 generalia
711 3344 892 3415 geschriben,
918 3346 968 3401 das
992 3346 1038 3403 ich
1056 3364 1124 3418 geru
1144 3335 1265 3418 gehortt,

113 3432 165 3486 des
184 3430 313 3500 heyden
332 3429 410 3484 Retia
429 3430 479 3484 das
500 3430 679 3499 euangelium
705 3429 842 3500 auffgehe.
879 3431 932 3485 Des
951 3433 1035 3504 pabst
1052 3433 1146 3489 nuntii
1163 3435 1266 3491 schrei-

113 3519 168 3574 ben
194 3535 260 3587 soye
279 3517 328 3572 der
346 3534 458 3572 coursus
476 3517 592 3580 muudi;
619 3516 669 3572 das
688 3534 717 3572 ar
737 3518 819 3572 baldi
836 3536 869 3572 zu
889 3519 942 3573 mir
961 3521 1042 3577 wolfe
1060 3521 1197 3588 khomen,
1217 3524 1265 3579 dos
1331 3554 1333 3561 ,

115 3607 175 3661 will
194 3605 240 3660 ich
258 3605 348 3660 seiner
366 3605 505 3676 gewortig
522 3605 590 3659 sein.

683 3705 697 3738 s

185 3800 198 3852 1
219 3797 270 3852 Die
288 3796 410 3867 salbung
429 3797 509 3852 hatte
528 3798 561 3852 15
580 3797 636 3852 Mai
655 3799 685 3852 in
703 3798 818 3854 Rheims
836 3799 1059 3870 stuttgefundeu.

184 3886 201 3938 2
219 3885 386 3955 Wolfgang,
405 3902 425 3937 s.
444 3903 472 3938 n.
491 3885 525 3937 72
536 3905 543 3948 ;
568 3901 598 3939 er
617 3902 675 3938 wer
693 3887 723 3939 iu
744 3885 880 3942 Wildbud
900 3904 1028 3956 genesen
1049 3888 1105 3942 und
1123 3889 1188 3943 dort
1207 3907 1266 3943 war

114 3973 224 4042 Verger
242 3973 295 4027 mit
313 3972 372 4026 ihm
391 3970 700 4040 zusammengetroffeu.

184 4062 201 4115 3
220 4060 271 4113 Die
293 4059 394 4113 schrift
412 4060 477 4112 kam
497 4058 598 4112 hernus
616 4062 697 4115 uuter
716 4061 779 4114 dem
797 4061 876 4116 titel:
899 4061 934 4114 Al
947 4062 1089 4116 reverend.
1103 4061 1266 4133 monsignor

113 4145 232 4211 Delfino,
252 4163 371 4202 vescovo
390 4144 419 4199 di
438 4145 552 4201 bissena
570 4149 622 4201 eto.
660 4147 738 4204 Auch
763 4148 825 4203 eine
850 4148 982 4204 deutsche
1006 4147 1194 4220 ubersetzung
1222 4167 1265 4205 er·

112 4231 222 4296 schism
241 4252 261 4288 s.
281 4234 377 4303 Sorap.
389 4251 410 4287 s.
429 4233 464 4288 98
483 4250 510 4288 n.
532 4235 597 4298 109;
616 4251 637 4287 s.
655 4233 697 4288 br.
718 4235 776 4290 116.
