2768 4740
116 266 184 322 1557
659 269 716 329 141

112 439 222 499 uellent
243 439 378 507 coerceri,
399 437 450 496 sed
471 452 570 495 rursus
594 451 697 510 magna
717 453 780 495 cum
795 437 898 496 laetitia
912 436 1060 506 bonorum,
1083 437 1132 506 qni
1151 435 1263 494 nollent

111 544 264 604 ecclesiam
286 542 392 602 Christi
413 539 489 600 iutici
508 542 606 614 prauis
627 541 808 612 opinionibus
828 547 915 615 atque
935 540 1026 599 libris.

193 648 258 707 Non
279 648 389 718 dubito,
410 647 479 720 quiu
501 645 651 705 celsitudo
675 645 778 705 Vestra
798 647 976 714 meminerit,
1007 660 1052 702 me
1079 649 1147 702 ante
1176 660 1263 702 unum

112 769 220 812 aunum
241 752 358 826 petiisse
379 750 416 809 ab
438 767 474 809 ea
493 757 525 808 et
544 752 716 822 impetrasse
738 752 840 822 etiam,
868 756 900 809 ut
921 749 1089 822 dignaretur
1109 748 1264 809 admittere

112 857 143 914 in
165 859 230 930 eius
257 857 391 915 ducatum
419 871 454 913 ac
480 855 626 927 suscipere
658 856 685 910 iu
714 854 923 927 protectionem
952 854 979 912 d.
1001 852 1110 913 lulium
1130 855 1264 913 comitem

113 978 131 1019 a
145 960 257 1020 Tbieue
272 960 453 1019 vicentinum
465 958 482 1029 ¹,
497 959 545 1030 qui
560 957 747 1031 praeddebat,
768 974 798 1016 se
813 958 929 1016 tandem
945 974 1003 1016 non
1023 973 1106 1029 posse
1128 961 1157 1017 iu
1179 958 1264 1017 ltalia

113 1065 275 1124 consistere
295 1066 375 1122 salve
395 1064 571 1122 couscientia
591 1069 622 1122 et
642 1062 715 1133 vita3
737 1080 802 1122 uam
816 1070 866 1123 aut
881 1063 1013 1137 neganda
1029 1063 1131 1121 luisset
1144 1070 1265 1137 propter

114 1170 299 1244 tyrannidem
325 1171 412 1242 Papae
439 1184 508 1226 vera
535 1168 606 1226 lesu
628 1167 736 1226 Christi
764 1168 913 1240 doctrina,
944 1174 995 1227 aut
1026 1167 1206 1226 moriendum
1233 1169 1262 1225 in

115 1291 233 1335 carcere
253 1283 304 1333 aut
324 1272 399 1332 forte
420 1276 507 1332 etiam
528 1273 557 1330 in
584 1275 659 1344 igno.
699 1272 786 1330 Nunc
811 1275 908 1347 itaque
936 1277 1106 1331 reverenter
1134 1271 1263 1346 significo

116 1380 422 1448 Celsitudinillestree,
437 1380 529 1452 ipsum
545 1378 573 1435 d.
592 1379 726 1437 comitem
746 1379 906 1448 aduenisse,
927 1385 1015 1452 atque
1037 1394 1100 1436 esse
1121 1376 1197 1450 apud
1218 1393 1263 1435 nre

116 1487 147 1544 in
167 1486 241 1543 meis
262 1485 387 1555 aedibus,
415 1485 506 1542 virum
527 1483 628 1556 procul
649 1483 735 1543 dubio
756 1483 895 1556 singulari
915 1485 1024 1556 pietate
1046 1489 1076 1541 et
1095 1483 1264 1541 constantie.

116 1590 207 1661 Optat
228 1590 330 1647 mirum
351 1590 379 1647 iu
402 1589 517 1649 modum
539 1590 663 1648 oseulari
684 1606 799 1648 manum
820 1589 1024 1647 lllustrissimae
1051 1588 1263 1647 Dominationis

116 1695 239 1766 Vestrae,
261 1712 349 1767 quare
369 1700 420 1754 aut
433 1695 487 1752 bic
506 1693 685 1766 exspectabit
705 1709 808 1766 magno
826 1710 889 1752 cum
905 1692 1050 1752 desiderio
1062 1692 1197 1752 Vestrum
1219 1708 1264 1750 re·

116 1799 224 1870 ditum,
250 1804 301 1856 ant
321 1796 395 1856 forte
416 1800 503 1856 etiam
523 1798 599 1857 istuc
619 1814 730 1857 mecum
750 1797 864 1865 veniet,
893 1798 916 1853 si
945 1795 1122 1866 advocabor3
1153 1797 1266 1856 interea

116 1900 349 1959 commendatae
371 1906 547 1959 reverenter.

121 1991 125 2000 ’
195 2005 392 2062 Illustrissime
412 2003 566 2077 Princeps!
598 2009 683 2075 urget
703 2019 748 2061 me
769 2001 963 2071 couscientia,
995 2007 1028 2058 ut
1048 1999 1140 2059 libere
1163 2000 1265 2070 dicam,

117 2125 163 2166 me
184 2109 214 2165 iu
235 2107 288 2165 boc
308 2106 413 2165 itinere
434 2107 525 2163 multa
546 2106 658 2164 crevisse
680 2105 716 2162 de
731 2104 759 2161 d.
776 2103 916 2162 Gribaldo
925 2102 945 2175 ¹,
967 2121 1029 2177 qum
1050 2106 1215 2176 ignorabam
1237 2113 1268 2164 et

118 2229 183 2285 quur
203 2226 249 2268 me
270 2209 354 2282 plane
374 2208 588 2281 confirmarunt,
608 2210 688 2267 illum
703 2225 767 2267 esse
782 2207 926 2281 aliquibus
940 2209 1071 2281 pessimis
1083 2208 1267 2281 opinionibus

117 2312 265 2383 iniectum,
286 2312 527 2386 quemadmodum
549 2314 595 2370 die
617 2312 659 2370 XI
680 2312 820 2385 praeteriti
843 2314 947 2370 mensis
966 2313 1091 2383 memini,
1114 2329 1158 2372 me
1176 2313 1265 2372 Celsi·

116 2417 213 2477 tudini
241 2418 352 2476 Vestrae
381 2416 535 2491 Gbepiugae
565 2415 595 2473 iu
621 2414 704 2473 borto
736 2415 858 2487 dirisse3
890 2430 984 2473 coram
1015 2414 1147 2487 pluribus
1173 2433 1265 2489 agam,

117 2541 195 2582 nunc
215 2529 328 2581 tontum
348 2521 489 2594 dixerim,
519 2521 657 2595 plurimos
682 2519 805 2577 clamare
833 2526 863 2576 et
893 2519 975 2591 queri
1000 2526 1102 2578 contra
1129 2521 1210 2578 illum
1239 2528 1269 2580 et

117 2628 297 2687 verissimum
318 2642 391 2697 esse,
412 2626 589 2683 verissimum
611 2624 735 2694 inquam,
757 2620 834 2693 quod
854 2637 941 2679 novas
962 2628 992 2680 et
1011 2623 1267 2694 perniciosissimas

118 2733 271 2807 opiniones
291 2732 368 2802 elat3
389 2730 496 2790 amicus
516 2728 610 2796 Plato,
631 2727 739 2784 amicus
760 2724 906 2798 Socrates,
928 2727 1017 2798 magis
1038 2727 1130 2785 amica
1151 2729 1269 2788 veritas,

118 2837 191 2896 Ideo
211 2854 268 2895 non
296 2836 377 2910 potui
406 2853 479 2893 nuuc
506 2847 625 2904 parcere
650 2832 743 2889 amico
770 2847 841 2890 meo.
882 2830 1052 2890 Monuerem
1082 2833 1169 2892 etiarn
1198 2841 1265 2892 ante

118 2958 226 3001 anunm
248 2942 276 2999 d.
297 2940 447 2999 Breutium
476 2955 512 2996 ee
538 2937 574 2994 de
602 2953 650 3005 re,
682 2936 787 2994 deiude
818 2937 906 2995 etiam
934 2935 1141 3007 Beurlinum⁸3
1172 2955 1267 3011 neque

120 3046 199 3103 enim
224 3046 341 3115 placent
367 3041 436 3100 mibi
463 3042 530 3111 isti,
562 3040 609 3112 qui
637 3040 713 3097 intra
741 3045 836 3098 certos
863 3047 953 3097 metas
973 3055 991 3096 a
1011 3042 1117 3099 sanctis
1137 3043 1266 3101 ecclesiis

120 3150 295 3209 constitutas
315 3149 473 3206 consistere
495 3151 638 3203 recusant.

204 3252 340 3311 Sustineo
361 3250 445 3309 nimis
465 3264 567 3321 graues
595 3249 675 3319 (meis
704 3248 818 3320 quidem
847 3247 989 3324 humeris)
1016 3257 1163 3324 sumptuS,
1194 3260 1271 3325 post-

121 3374 208 3429 quam
230 3357 383 3414 ePolouin
403 3353 494 3423 redii3
524 3360 591 3411 suut
612 3353 686 3410 enim
706 3353 776 3410 milri
799 3352 850 3409 Vll
872 3355 937 3426 equi
960 3352 1050 3425 donri,
1072 3371 1143 3427 qnos
1163 3358 1219 3429 alo,
1241 3366 1271 3416 et

689 3478 705 3509 fi

194 3518 294 3588 1Vgl.
315 3536 342 3573 n.
361 3521 402 3574 36.

193 3606 256 3661 28.
276 3607 317 3661 br.
336 3625 363 3661 n.
381 3607 424 3662 38.
861 3626 865 3632 ·

193 3696 211 3748 3
229 3695 323 3750 Jalrob
336 3693 457 3758 Beurlin,
476 3693 540 3763 geb.
554 3693 621 3748 1522
639 3693 670 3747 in
684 3693 864 3749 Dornstetten
877 3693 1114 3766 (Schwarawald),
1135 3695 1190 3753 seit
1205 3697 1271 3753 1555

123 3784 221 3838 doctor
237 3783 296 3837 und
309 3781 447 3852 professor
462 3781 511 3836 der
525 3780 667 3852 theologie
680 3781 709 3835 in
720 3779 878 3852 Tiibingen,
900 3783 965 3837 1561
980 3787 1079 3853 propst
1090 3785 1149 3839 und
1161 3785 1272 3840 canaler
1287 3773 1289 3778 ’

123 3870 263 3934 daselbst,
282 3870 474 3924 bedentender
493 3868 639 3939 theologe,
663 3885 717 3923 von
737 3869 840 3939 herzog
859 3870 1008 3940 Chrislopb
1026 3871 1147 3925 uielfeoh
1166 3890 1199 3924 zu
1225 3889 1271 3940 ge·

122 3959 351 4021 sandlscheften,
361 3958 435 4014 nach
445 3957 550 4022 Trient,
561 3957 671 4011 Wormr
682 3958 757 4021 1557,
771 3956 865 4011 Erfurt
876 3959 940 4011 1561
952 3957 1009 4011 und
1019 3956 1113 4025 Poissy
1124 3958 1199 4022 1561,
1213 3975 1272 4013 ver·

122 4047 249 4110 wendet;
269 4048 372 4116 herzog
386 4045 538 4115 Christoph
553 4047 657 4100 nonni-e
668 4045 983 4115 denausgezeichneten
1002 4061 1086 4099 ruonn
1106 4061 1159 4096 nur
1177 4045 1273 4099 seineu

121 4134 223 4198 lieben,
244 4137 378 4205 getreueu
398 4132 489 4188 herrm.
526 4133 595 4199 †2a
613 4132 735 4187 October
757 4133 820 4187 1561
842 4133 871 4186 in
891 4131 968 4186 Paria
987 4149 1024 4186 en
1049 4131 1100 4184 der
1123 4134 1201 4199 pest,
1226 4132 1276 4186 uui

123 4222 172 4275 der
190 4221 261 4275 reise
282 4239 342 4274 nuru
363 4219 531 4289 colloquium
552 4221 624 4275 nach
645 4220 747 4289 Poissy.
782 4220 810 4274 S·
830 4218 969 4282 Fiscblin,
990 4235 1071 4272 mem.
1091 4219 1177 4272 theol.
1202 4218 1277 4273 Wirm

123 4311 209 4363 lemb.
230 4310 251 4371 I,
272 4310 307 4363 82
328 4308 355 4363 u'.
393 4308 488 4372 Bunrn,
510 4308 752 4371 desulturam.
