2768 4740
90 219 161 303 'usse
280 276 283 283 ·
634 252 693 313 133

91 421 171 479 illius
192 418 273 478 ducis
285 419 561 493 Mecbelburgensis‚
583 421 631 492 qui
652 418 734 478 duxit
747 420 835 478 tilium
848 420 933 494 hujus
947 421 1133 480 illustrissimi
1147 419 1237 480 ducis.

90 525 149 584 Res
169 525 340 598 interceptis
361 524 469 583 litteris
490 531 535 583 est
550 522 709 598 patefactu3
731 524 919 585 Livonienses
934 526 1085 600 aegerrime
1100 525 1236 598 ferentes,

89 631 136 703 qui
159 629 262 688 nolunt
283 630 427 702 principes
442 646 564 702 regnare
575 646 663 704 super
678 645 738 702 eos,
759 630 880 702 sumptis
892 633 979 689 armis
992 631 1236 704 archiepiscopum

88 749 153 791 cum
174 750 219 805 eo,
242 735 291 807 qui
311 733 425 791 iuturus
446 740 509 791 erat
530 733 689 806 coadjmor,
710 733 739 791 in
757 734 878 808 (laedam
894 737 957 807 ejus
970 750 1037 796 aree
1049 735 1236 795 obsederunt.

85 838 150 896 Rex
172 838 300 895 Poloniae
320 836 396 895 misit
417 852 498 893 suum
521 835 655 906 legatum,
678 836 725 907 qui
747 835 783 893 de
803 852 875 908 pace
894 845 1010 909 ageret,
1038 839 1150 910 legatus
1170 855 1246 937 cum·

85 943 218 1001 omuibus
239 944 298 1000 suis
319 940 434 1000 tantulis
461 957 494 997 ac
523 939 674 997 comitibus
701 957 719 998 a
746 941 967 1000 Livoniensibus
994 949 1038 1001 est
1067 943 1235 1002 trucidatus.

84 1047 182 1105 Alium
204 1063 317 1121 ‹puooue
339 1063 390 1104 rex
412 1048 508 1103 stetim
531 1046 658 1117 legatum
679 1047 843 1118 episcopum
865 1047 950 1114 misit,
972 1049 1020 1119 qui
1037 1047 1152 1105 nuditus
1172 1048 1235 1121 qui·

84 1151 152 1209 dem
173 1168 191 1208 a
212 1149 432 1209 Livoniensibus
454 1149 517 1220 luit,
539 1148 590 1206 sed
611 1147 683 1206 nibil
710 1151 824 1207 omuino
851 1151 1024 1222 impetravit.
1065 1150 1127 1208 Rex
1154 1167 1233 1209 man·

84 1255 174 1326 davit,
196 1261 229 1314 ut
249 1256 358 1329 aliquot
379 1256 507 1327 equitum
529 1253 620 1311 millia
640 1270 675 1311 ex
696 1253 829 1312 Lituania
851 1259 880 1311 et
898 1252 1015 1325 Schytia
1034 1254 1071 1312 ad
1092 1253 1164 1313 fines
1183 1255 1232 1312 Li·

84 1361 264 1418 veniensium
286 1359 434 1429 accedant,
456 1365 489 1416 ut
506 1358 693 1418 Lironienses
714 1357 898 1416 deterrerent
917 1363 1005 1430 atque
1026 1357 1062 1416 ab
1083 1359 1233 1418 obsidione

83 1461 279 1532 abducerent3
309 1466 494 1519 accesserunt
520 1460 647 1532 equites,
675 1459 726 1517 scd
748 1459 936 1520 Lironienses
962 1463 1146 1522 nibilominus
1166 1480 1231 1535 per·

83 1568 195 1626 tiraces
215 1571 449 1640 perseverarunt,
470 1565 562 1622 donec
582 1581 649 1622 arce
665 1569 828 1635 expugnata
841 1564 1084 1638 archiepiscopum
1096 1583 1154 1625 una
1168 1584 1232 1626 cum

84 1690 134 1742 eo,
169 1675 218 1747 qui
240 1680 303 1731 erat
323 1670 437 1730 iuturus
458 1670 623 1742 coadjutor,
653 1676 791 1742 ceperunt
820 1678 906 1744 atque
934 1671 962 1728 iu
991 1672 1062 1729 alias
1081 1687 1161 1730 arces
1181 1671 1232 1729 ab·

83 1779 240 1836 duxerunt.
281 1778 314 1834 In
335 1776 552 1834 hocstatu1·es
573 1777 631 1845 est;
656 1774 681 1830 is
701 1774 835 1845 princeps
855 1774 1064 1832 illustrissimus
1085 1792 1159 1834 nunc
1179 1777 1232 1833 mi-

82 1883 162 1940 litem
185 1881 306 1956 colligit,
327 1879 455 1960 subsidia
475 1856 511 1936 ab
531 1893 600 1952 rege
621 1878 804 1947 Polonorum,
826 1879 971 1936 Dacorum
992 1887 1080 1952 atque
1101 1894 1137 1935 cx
1157 1879 1229 1938 Ger-

83 1989 181 2045 mania
200 1988 284 2060 petit.
324 1987 475 2044 Rationem
508 1984 616 2042 consilii
642 1985 757 2055 ignoro,
788 1984 895 2042 velitne
922 1988 1033 2041 tantum
1060 1983 1136 2040 tueri
1163 1999 1230 2042 suos

81 2090 169 2162 fines,
191 2108 227 2148 uu
248 2107 317 2149 vero
337 2086 457 2148 fratrem
477 2105 560 2147 suum
581 2094 611 2146 et
631 2089 675 2146 sui
696 2091 796 2160 generi
816 2087 960 2148 1111111111ι
980 2089 1113 2148 liberare.
1155 2089 1229 2148 lllud

80 2195 151 2264 scio,
171 2193 331 2266 principem
352 2199 490 2262 uretuere,
513 2207 548 2248 ne
569 2192 597 2249 in
620 2192 673 2248 bac
693 2192 841 2251 occasione
857 2194 977 2266 papistae
993 2195 1056 2266 ejus
1070 2195 1229 2254 adversarii

80 2315 112 2356 se
134 2303 269 2355 exserant
290 2304 404 2355 etcum
425 2295 645 2354 Livoniensibus
666 2298 849 2369 conjungant.
890 2297 937 2356 Sic
960 2314 1025 2371 ego,
1047 2300 1096 2373 qui
1116 2303 1229 2374 speravi

80 2418 126 2460 me
147 2409 315 2472 venturum,
343 2409 374 2459 ut
395 2401 424 2460 in
445 2418 515 2474 pace
536 2417 652 2473 agerem
673 2402 709 2460 de
731 2402 885 2461 concordia
906 2404 1108 2475 ecclesiarum,
1139 2404 1227 2464 incidi

79 2507 108 2565 in
131 2522 249 2578 magnas
269 2507 368 2564 turbas
395 2523 429 2563 ac
455 2522 559 2579 magna
589 2505 666 2563 bella
694 2522 750 2564 non
778 2506 886 2566 sedatis
914 2513 1011 2566 tamen
1038 2508 1229 2589 seditionibus

80 2610 261 2683 domesticis,
285 2625 383 2668 verum
405 2626 461 2667 non
483 2610 622 2682 despondi
642 2611 780 2681 antimum,
802 2612 894 2671 adhue
914 2629 971 2671 non
992 2612 1128 2687 despero,
1150 2612 1228 2672 bella

78 2731 163 2789 posse
186 2716 284 2788 sopiri,
306 2715 506 2774 contentiones
527 2715 699 2774 domesticus
720 2718 849 2790 componi
870 2731 992 2790 quoque.
1033 2716 1128 2788 Venit,
1149 2724 1227 2791 post·

80 2836 164 2894 quam
186 2820 248 2877 baec
269 2818 456 2893 scripsissem,
477 2821 513 2879 ab
541 2837 610 2894 rege
631 2822 817 2893 Polonorum,
846 2823 894 2895 qui
914 2827 959 2880 cst
982 2837 1058 2880 nune
1077 2821 1169 2879 Vilnae
1197 2825 1227 2881 in

81 2925 228 2996 Lituauia,
249 2926 287 2983 ad
306 2925 464 2999 principem
485 2928 614 3000 legatus,
641 2928 761 2998 resciri,
788 2927 975 2986 Livonienses
994 2925 1032 2984 ad
1051 2940 1149 2998 regem
1171 2925 1226 2985 Po·

77 3028 164 3088 loniae
184 3031 300 3103 legatos.
316 3032 425 3090 misisse
457 3011 488 3089 et
511 3033 640 3103 jactare,
669 3047 699 3090 se
720 3047 819 3105 pacem
840 3046 960 3102 cupere,
989 3035 1140 3103 postquam
1161 3047 1225 3103 quae

78 3133 170 3192 libido
192 3134 343 3206 suggessit,
364 3132 459 3194 fecere
481 3135 517 3211 (si
533 3135 617 3195 ruodo
633 3138 717 3194 etium
735 3151 769 3193 ex
783 3137 878 3193 animo
891 3150 991 3208 pacem
1007 3150 1082 3192 nunc
1094 3133 1225 3209 petant);

78 3255 159 3296 suam
180 3239 289 3311 regiam
316 3240 496 3311 majestatem
523 3241 596 3299 velle
624 3240 725 3299 ducem
753 3245 898 3311 nostrum,
929 3240 953 3296 si
979 3237 1142 3297 Willclmus
1169 3255 1226 3296 uon

78 3346 261 3414 restituatur,
282 3343 368 3401 armis
386 3345 497 3416 juvare,
520 3347 587 3418 quin
609 3345 722 3404 dedisse
744 3346 919 3416 rnarrdatum,
941 3351 973 3402 ut
993 3343 1028 3400 nd
1051 3342 1104 3402 hoc
1117 3342 1224 3401 bellum

79 3449 193 3521 equites
213 3448 422 3505 describantur.

645 3580 659 3612 ¹l‘

79 3681 213 3754 grinstigt
234 3700 301 3746 war,
320 3701 352 3736 zu
372 3683 476 3738 seinem
495 3683 655 3752 coadjutor,
675 3682 807 3752 obgleich
827 3700 857 3736 er
876 3683 932 3736 eret
952 3683 982 3737 17
997 3680 1079 3752 jahre
1098 3683 1224 3736 altmar.

78 3769 132 3823 Der
151 3768 337 3824 lislllndische
357 3769 445 3840 aweig
463 3769 511 3824 des
524 3767 750 3832 deutschocdene,
770 3768 818 3823 der
831 3767 885 3822 den
898 3768 1010 3823 einfluss
1021 3768 1121 3824 Polene
1134 3769 1225 3823 tiirch·

78 3856 145 3917 tete,
165 3855 345 3925 protestiertc
365 3857 502 3927 dugegen,
522 3872 551 3910 cs
568 3855 634 3910 kann
648 3873 708 3908 zum
718 3853 907 3926 eigentlichen
919 3849 1001 3924 krieg
1013 3854 1147 3909 cwischeu
1160 3856 1224 3909 dem

76 3940 235 3997 arnbiscbof
250 3942 308 3995 und
328 3942 382 3997 den
401 3942 635 3996 ordeusmeistern
649 3940 783 3996 Heinrich
800 3958 855 3995 ron
869 3940 957 3995 Galen
977 3942 1055 4008 (1551
1070 3940 1111 3994 bis
1123 3940 1223 3995 sotici

80 4029 158 4096 1557)
178 4029 238 4083 und
258 4028 355 4084 deeseu
374 4028 540 4099 nachfolger
559 4029 758 4100 Fiirstenberg3
785 4029 870 4085 Poleu
889 4029 1005 4082 mischte
1024 4027 1082 4081 sich
1102 4028 1147 4081 ein
1167 4028 1224 4081 und

77 4131 176 4184 ewang
196 4116 252 4169 den
272 4115 476 4171 deutschorden
495 4135 555 4169 cum
575 4116 746 4187 naehgeben.
784 4116 861 4184 Sept.
883 4116 957 4169 1557.

148 4205 161 4256 1
184 4203 269 4257 Anna
288 4202 405 4272 Sophia,
424 4203 535 4258 tochter
554 4221 608 4257 von
628 4203 764 4258 Albrecbt
783 4220 837 4257 von
856 4199 994 4263 Preullen,
1021 4199 1074 4255 seit
1093 4199 1223 4257 2411111.
1268 4231 1281 4252 .

78 4291 145 4345 1555
164 4288 359 4346 verheiratbet
377 4291 430 4347 mit
447 4289 557 4348 Johann
577 4290 676 4349 Albert
693 4292 714 4356 l,
732 4290 834 4360 herzog
852 4306 906 4344 uon
925 4285 1134 4361 Mechlenburg.
