2768 4740
123 266 191 324 1558
672 273 731 334 183

121 443 293 517 Cbeppiuga
313 443 384 501 XIII
405 443 452 501 die
474 443 558 516 Maii,
587 449 617 501 et
645 441 717 500 nibil
746 449 849 516 postea
873 442 909 500 de
936 442 985 501 illo
1007 442 1104 500 andivi
1130 440 1192 499 iere
1218 459 1271 515 per

119 561 236 604 anuum.
280 547 374 618 Quare
403 561 466 602 cum
495 547 599 604 merito
624 546 785 619 suspicatus
816 562 917 612 essem,
937 546 1017 604 illum
1039 544 1186 618 aufugisse
1207 563 1269 604 cum

118 649 253 721 pecunia,
275 655 305 707 et
326 649 440 708 litteras
461 667 539 708 meas
560 649 659 709 forsan
680 649 794 710 dedlsse
815 650 950 722 papiens,
972 667 1035 708 eum
1057 666 1150 709 essem
1171 667 1269 709 meuse

117 754 227 812 Martio
248 756 378 827 proximo
400 754 476 825 aliud
499 756 713 813 serenissimum
733 755 880 813 Bohemiae
900 771 1013 827 regem,
1042 755 1214 829 supplicavi,
1236 761 1269 813 ut

117 875 170 917 sna
191 860 274 934 regia
294 860 419 933 dignitas
441 860 612 932 dignaretur
632 859 759 917 scribere
780 861 817 918 ad
845 859 1060 933 magistratum,
1091 860 1140 932 qui
1167 866 1212 917 est
1237 859 1269 917 iu

116 962 216 1021 Pisino
238 964 284 1021 vel
306 963 334 1021 in
356 963 549 1035 blitterbnrg,
578 970 609 1021 nt
630 965 806 1036 inquireret,
837 981 873 1021 au
901 963 950 1021 ille
972 964 1114 1035 Georgius
1135 968 1212 1021 esset
1238 963 1267 1021 in

116 1084 168 1125 sna
190 1070 300 1141 patria,
323 1074 352 1127 et
372 1069 395 1126 si
418 1077 514 1138 esset,
542 1076 574 1125 nt
594 1075 713 1140 cogeret
733 1070 769 1127 ad
791 1069 970 1127 reddendam
991 1068 1159 1142 pecuniam,
1190 1083 1269 1127 meas

116 1172 232 1231 litteras
263 1179 293 1232 et
317 1180 453 1247 patentes
481 1174 593 1232 litteras
615 1175 727 1231 Vestrae
756 1172 953 1232 Gelsitudinis.
994 1175 1054 1232 Ista
1079 1179 1177 1230 autem
1203 1189 1268 1232 meo

116 1281 207 1352 ipsius
228 1282 341 1351 privato
362 1282 487 1348 nomine,
509 1296 561 1353 pro
583 1296 646 1338 meo
667 1281 756 1352 ipsius
777 1281 919 1338 interesse
937 1278 1103 1350 supplicavi.
1134 1277 1268 1350 Dignitas

117 1399 170 1441 sua
192 1386 275 1456 regia
294 1384 410 1457 scripsit
432 1384 497 1458 (pro
518 1403 570 1444 sua
599 1385 765 1460 clementia)
792 1391 823 1444 ut
848 1384 1021 1458 supplicavi3
1052 1384 1186 1440 inventus
1212 1380 1267 1440 fnit

116 1488 167 1547 ille
191 1490 333 1562 Georgius
355 1498 384 1547 ct
406 1498 523 1549 coactns
543 1490 606 1562 luit,
628 1490 698 1549 dare
719 1489 901 1564 sponsionem
923 1496 974 1548 aut
985 1488 1200 1562 fidejussionem
1215 1502 1266 1559 pro

120 1599 236 1651 centnm
258 1594 378 1653 ducatis.
421 1594 491 1652 Cum
514 1610 583 1666 crgo
604 1593 726 1651 ministri
748 1593 924 1650 serenissimi
945 1593 1022 1663 regis
1043 1590 1210 1649 debuissent
1229 1587 1267 1646 ad

119 1716 164 1756 me
187 1695 324 1770 scribere,
346 1699 413 1772 qnid
435 1697 523 1756 fuerit
538 1696 653 1769 lactum,
675 1697 852 1769 seripserunt
866 1696 1122 1757 adGelsitudinem
1134 1695 1267 1751 Vestram

118 1810 148 1861 et
169 1803 377 1875 significarunt,
399 1803 554 1875 Georgium
576 1802 655 1859 illum
676 1800 765 1860 fnisse
785 1809 898 1876 captum
920 1808 950 1858 et
970 1800 1084 1859 dedisse
1105 1798 1266 1870 fidejussio·

119 1925 194 1966 nem.
237 1909 302 1966 Non
325 1916 387 1966 erat
408 1925 488 1981 opus,
510 1913 542 1964 ut
563 1909 591 1964 in
613 1907 664 1964 tali
686 1907 819 1980 negotio,
847 1906 923 1979 quod
945 1912 1009 1963 erat
1029 1902 1132 1974 facile,
1163 1908 1195 1960 ut
1215 1919 1266 1960 ne·

115 2012 186 2069 mini
207 2013 281 2070 tales
303 2014 418 2083 litterae,
440 2014 539 2086 quales
559 2013 626 2069 mibi
648 2019 715 2069 sunt
730 2027 880 2081 concessae,
902 2009 1003 2081 negari
1019 2006 1176 2082 potuerint,
1199 2023 1267 2064 usus

115 2114 235 2175 fuissem
266 2119 380 2174 nomine
411 2124 440 2178 et
464 2119 622 2175 autoritate
644 2116 756 2175 Vestrae
785 2114 980 2174 celsitudinis.
1020 2113 1091 2171 Ideo
1118 2129 1175 2170 non
1203 2128 1265 2169 sum

115 2237 193 2292 usus,
215 2221 266 2279 scd
288 2237 352 2280 meo
374 2223 495 2295 privato,
518 2228 547 2280 et
562 2229 642 2280 certe
657 2223 687 2279 in
701 2222 755 2280 boc
772 2222 879 2278 erravit
893 2220 1082 2278 cancellarius
1095 2223 1146 2275 aut
1162 2215 1264 2281 scriba,

115 2324 193 2398 quod
215 2331 354 2398 putarunt
374 2325 487 2382 Vestrae
509 2323 681 2383 celsitudini
706 2323 872 2394 dirigendas
892 2322 1007 2381 litteras
1028 2325 1058 2378 et
1078 2320 1188 2392 negotii
1209 2319 1265 2377 mei

113 2429 258 2487 rationem
273 2428 459 2486 reddendam.
491 2429 600 2487 Verum
611 2432 781 2486 reverenter
793 2425 922 2498 significo
933 2426 1044 2484 Vostrae
1060 2425 1264 2482 Illustrissimae

113 2533 327 2603 Dominationi,
356 2551 400 2591 me
422 2548 514 2604 nuper
535 2534 681 2606 accepisse
702 2533 853 2590 litterasa
879 2533 950 2588 meis
978 2531 1075 2587 arnicis
1102 2544 1139 2586 ex
1159 2527 1263 2602 patria,

115 2639 165 2711 qui
186 2637 221 2695 ad
245 2654 289 2694 me
311 2636 456 2705 scribunt,
478 2637 555 2710 qnod
577 2637 626 2694 ille
647 2636 792 2708 Georgius
812 2635 928 2694 tandem
950 2633 1077 2699 reddidit
1098 2631 1261 2705 illispecu·

115 2743 192 2800 niam
220 2751 248 2799 et
278 2743 392 2800 litteras
421 2758 529 2800 omnes.
571 2741 668 2812 Quare
695 2744 718 2799 si
747 2741 816 2816 qnid
837 2741 942 2799 Vestra
963 2738 1113 2798 celsitudo
1140 2735 1265 2796 voluerit

113 2847 167 2905 bac
188 2846 224 2904 de
246 2864 277 2904 re
299 2847 485 2919 respondere,
507 2847 674 2919 dignabitur
694 2847 834 2916 scribere,
864 2844 941 2919 qnod
967 2859 1087 2917 sponsor
1113 2857 1165 2899 seu
1191 2839 1262 2898 fide·

108 2953 217 3024 jussor,
243 2952 290 3024 qni
312 2951 398 3010 datus
419 2958 463 3010 est
483 2969 536 3026 pro
557 2968 665 3009 summa
686 2958 800 3010 centnm
823 2951 1000 3022 ducatorum,
1021 2953 1118 3024 potest
1135 2946 1263 3020 liberari,

113 3057 181 3129 quia
203 3073 255 3127 ego
278 3058 447 3129 recuperavi
468 3073 560 3114 meam
580 3058 730 3130 pecuniam
753 3063 783 3114 et
803 3057 922 3114 litteras.
953 3056 1013 3113 Imo
1034 3051 1127 3112 scribo
1149 3057 1264 3125 egomet

113 3176 228 3233 quoque
256 3160 292 3217 ad
322 3161 350 3218 d.
378 3159 645 3221 vicecancellarium
672 3160 707 3220 de
742 3167 804 3219 tota
829 3175 862 3219 re
887 3166 917 3218 et
941 3164 1025 3231 peto,
1057 3164 1088 3216 ut
1110 3156 1263 3231 fidejussor

111 3262 271 3334 liberetur,
303 3266 371 3338 quin
393 3265 499 3335 etiam,
531 3282 567 3324 ue
589 3265 656 3339 quid
679 3267 745 3324 mali
765 3264 817 3323 liat
837 3265 891 3338 ipsi
914 3264 1039 3336 Georgia
1061 3262 1140 3339 (licet
1161 3278 1262 3335 parum

111 3368 240 3427 lideliter
259 3386 290 3427 se
318 3371 429 3445 gessit).
471 3369 529 3428 Sed
555 3368 651 3430 forsan
680 3370 735 3430 luit
762 3371 918 3445 impeditus
944 3369 1117 3443 aegritudine
1138 3367 1183 3425 vel
1204 3366 1262 3425 alio

112 3473 158 3548 (ut
179 3472 225 3547 fit)
247 3474 435 3532 incommodo.

192 3577 320 3635 Remitto
341 3577 480 3650 seriptum
503 3577 530 3634 d.
552 3575 683 3636 Gribaldi
698 3578 725 3650 ¹,
756 3580 804 3653 qni
830 3578 899 3638 mihi
920 3580 1003 3637 valde
1031 3583 1182 3652 suspectus
1208 3582 1260 3648 est,

111 3682 188 3755 quod
208 3684 238 3740 in
260 3699 312 3741 sua
332 3681 514 3740 confessione
536 3684 726 3742 describenda
746 3685 872 3743 noluerit
892 3685 1002 3754 dicere,
1033 3682 1110 3757 quod
1139 3683 1262 3756 accipiat

111 3786 249 3857 symbola,
271 3793 302 3845 et
320 3788 362 3843 sic
382 3786 531 3844 includere
548 3787 697 3846 Athanasii
718 3805 841 3861 quoque.
873 3787 931 3855 Sed
950 3788 1029 3858 dicit,
1050 3804 1081 3846 se
1102 3785 1261 3858 symbolum

111 3897 262 3963 acceptare
290 3890 479 3963 apostoIIcum
511 3896 541 3948 ct
567 3890 705 3962 intelligit
731 3908 851 3965 parvum
876 3892 1045 3965 symbolum.
1089 3889 1189 3948 Nostri
1219 3890 1261 3946 sic

112 4012 227 4067 semper
247 3995 336 4051 locuti
363 4001 448 4059 sunt,
481 3993 557 4067 qnod
585 3997 763 4067 acceptarint
788 3998 925 4070 symbola.
966 3996 1032 4053 Non
1060 3999 1104 4052 est
1130 3994 1260 4052 siucerus

113 4116 164 4158 nec
185 4101 291 4170 veniet,
312 4099 381 4157 licet
402 4099 537 4157 habuerit
557 4099 667 4158 salvum
689 4102 871 4160 conductum.

679 4237 696 4273 φ

182 4319 193 4369 l
214 4317 241 4370 S.
263 4333 290 4370 u.
309 4317 353 4370 37.
