2768 4740
112 264 180 323 1555
666 274 707 335 99

111 441 216 509 vimus,
249 439 381 512 quedem
408 442 549 500 incense
579 441 727 515 religionis
755 446 853 500 vestre
879 456 964 500 meuu
991 440 1080 500 letine
1110 440 1218 515 scripte
1244 456 1262 499 e

110 550 226 618 pestere
238 541 469 616 campidunensi,
491 546 536 604 oui
554 551 623 604 ente
640 561 675 603 eu
690 544 886 616 tradideretis,
899 545 1004 603 emisse
1017 561 1051 602 ee
1060 545 1261 617 intempestivo

109 647 233 721 quodem
260 664 328 706 cesu
354 648 391 706 ed
417 664 527 708 secrem
553 651 733 722 majestatem
760 649 870 721 regium
895 649 994 708 delete
1014 664 1085 708 esse.
1127 649 1262 721 Quemvis

112 767 179 810 vero
195 768 253 810 non
268 751 442 823 dubitamus,
463 769 513 812 vos
534 769 604 812 vero
625 759 655 811 et
674 752 723 825 pio
742 754 841 813 studio
860 755 891 811 iu
903 754 1054 825 evaugelio
1069 752 1175 812 Christi
1195 769 1262 828 pro·

111 855 244 930 pegeudo
264 853 343 927 ferri,
365 862 460 914 temen
481 872 558 929 segre
579 872 633 915 uee
652 855 777 915 libenter
797 857 971 928 accepimus,
999 872 1050 914 vos
1069 856 1163 916 edhuc
1184 856 1262 915 hisee

111 962 140 1018 iu
160 960 248 1019 rebus
268 967 351 1018 tante
370 959 506 1020 liberter-e
526 961 632 1034 passim
655 963 712 1030 uti,
739 961 914 1034 presertim,
943 976 1005 1018 euru
1032 959 1087 1018 boe
1106 960 1176 1019 nihil
1195 977 1261 1034 pro·

112 1062 198 1123 licere
226 1080 347 1138 eumque
376 1065 413 1122 ud
438 1080 498 1122 rem
521 1064 613 1137 ipsam
638 1080 739 1138 perum
765 1063 861 1123 iecere
883 1065 928 1123 vel
949 1062 1011 1136 ipse
1031 1062 1262 1122 animadvertere

111 1168 243 1242 potestis.
285 1166 463 1241 cuperemus
493 1168 608 1242 iteque,
640 1186 689 1228 vos
715 1173 745 1228 in
771 1170 886 1242 seriptis
911 1175 941 1226 et
960 1168 1140 1227 sermonibus
1160 1169 1263 1226 vestris

113 1271 220 1347 (quoad
250 1272 315 1344 ejus
344 1273 392 1344 pie
418 1270 483 1332 fieri
507 1273 617 1348 potest)
643 1274 866 1332 moderatiorem
895 1273 1023 1330 nonnihil
1049 1278 1080 1330 et
1105 1273 1261 1330 cautiorem

113 1392 185 1443 esse,
206 1377 328 1433 mexime
344 1378 422 1434 hisee
436 1378 529 1435 edhue
544 1379 722 1451 temporibus
736 1386 767 1437 et
787 1380 815 1435 in
837 1377 890 1436 hoe
911 1394 1006 1436 rerum
1027 1384 1058 1435 et
1078 1376 1262 1435 ecolesierum

114 1488 276 1540 nostrerum
297 1478 408 1541 difficili
429 1487 516 1540 stetu.
1314 1552 1317 1565 .

191 1585 328 1645 Ceterum
354 1603 418 1646 cum
445 1603 521 1644 nuuc
548 1585 720 1659 Goeppiugre
746 1587 853 1658 degere
882 1600 933 1643 vos
959 1585 1171 1657 intelligemus,
1203 1583 1262 1656 ubi,

113 1698 249 1777 teuquem
271 1692 301 1750 iu
322 1691 384 1749 loco
405 1689 576 1763 celebriore,
598 1697 718 1764 propter
737 1692 891 1749 multorum
915 1689 1022 1748 ibidem
1042 1689 1123 1746 seris
1149 1692 1180 1745 et
1205 1686 1263 1747 fre·

114 1797 303 1868 quentissirns
328 1797 451 1864 itinere,
483 1812 534 1853 sos
562 1794 624 1872 (qui
651 1796 728 1854 bend
755 1794 841 1853 dubie
862 1811 879 1852 e
898 1794 1028 1867 plurimis
1049 1794 1210 1852 uoeurstius
1230 1808 1264 1850 ee

116 1896 255 1957 infensius
276 1898 483 1974 observemiui)
504 1915 562 1958 non
587 1914 704 1971 prorsus
733 1899 795 1957 siue
815 1898 944 1971 periculo
966 1897 1074 1955 verseri
1092 1896 1263 1970 judicemus,

115 2002 280 2072 hortemur,
306 2011 339 2059 ut
359 2002 427 2061 iude
448 2002 618 2062 secedentes
637 2005 667 2061 in
688 2005 780 2062 locum
802 2004 927 2076 aliquem
947 2003 1084 2061 tutiorem
1105 2001 1191 2074 hujus
1211 2000 1264 2058 du·

115 2114 194 2166 cetus
215 2108 309 2166 nostri
331 2108 535 2180 commigretis.

192 2211 278 2271 Detae
301 2211 462 2284 Stntgurdii
485 2216 536 2270 16ο
555 2212 708 2272 Februarii
730 2229 806 2271 anuo
827 2218 882 2272 ete.
905 2212 965 2269 55⁰.

193 2316 366 2376 Reverendo
386 2315 464 2376 fideli
485 2333 519 2377 eo
546 2317 629 2377 nobis
656 2317 763 2378 dilecto
790 2307 881 2376 amico
902 2315 991 2373 Petro
1011 2313 1103 2373 Paulo
1123 2314 1264 2386 Vergerio

118 2426 172 2481 eto.
194 2423 329 2495 episeopo
350 2428 406 2480 etc.

669 2657 715 2712 23.

415 2757 543 2844 Verger
564 2780 606 2823 eu
629 2758 748 2842 herzog
771 2754 956 2838 christoph.

393 2956 396 2963 Ι
447 2869 616 2944 Gbppiugen
641 2872 675 2928 19
696 2869 828 2928 Februer
851 2868 935 2925 1555.
1012 2881 1018 2893 ·

185 2971 387 3043 Eutsehuldigt
410 2973 469 3030 sich
488 2991 588 3045 wegeu
607 2973 656 3029 der
674 2972 704 3026 iu
722 2990 749 3025 u.
768 2971 802 3026 20
822 2968 880 3024 und
898 2969 932 3023 22
950 2965 1116 3023 erwlthuten
1134 2963 1263 3028 vorrelle,

119 3065 176 3120 will
195 3066 366 3139 Gbppiugen
384 3070 453 3125 beld
471 3071 612 3126 rerlesseu
631 3068 689 3124 uud
701 3067 796 3132 bittet,
813 3065 873 3120 ihm
886 3063 966 3119 eiueu
978 3062 1086 3118 sicberu
1099 3059 1262 3116 eufeuthelt

117 3178 302 3220 summersos.

197 3260 390 3320 illustrissime
407 3269 437 3322 et
448 3262 697 3322 Excellentissime
711 3261 849 3330 Princeps
865 3272 899 3314 eo
913 3257 1034 3314 Domine
1053 3254 1175 3313 Domine
1191 3252 1264 3312 Gre-

117 3364 288 3424 tiosissime!

195 3471 304 3543 Accepi
324 3471 410 3530 bodie
431 3477 462 3530 et
482 3470 596 3543 quidem
617 3470 670 3529 sub
689 3473 803 3528 noctem
820 3467 933 3524 litteras
954 3461 1140 3522 Celsitudiuis
1153 3462 1267 3520 Vestrae

117 3569 201 3630 (letus
222 3573 269 3631 die
290 3573 368 3630 XVI.
408 3573 473 3630 Hoc
498 3588 566 3630 vero
595 3573 725 3643 inprimis
751 3574 922 3628 reverenter
947 3568 1131 3626 indicendum
1158 3568 1267 3640 poteri,

117 3691 183 3733 nem
205 3675 230 3732 si
251 3677 331 3748 prius
351 3679 533 3750 accepissem,
553 3679 634 3752 prius
654 3676 820 3750 paruissem.
861 3673 1003 3731 Constitui
1025 3672 1099 3731 euim
1121 3670 1195 3729 velle
1217 3687 1267 3728 eu·

118 3778 181 3838 dire
202 3797 301 3839 vocem
318 3783 536 3856 jussionemque
559 3781 688 3855 eJusdem
708 3780 820 3840 Vestrre
843 3777 1045 3846 Celsitudiuis,
1066 3793 1153 3850 quum
1171 3775 1267 3846 seiem,

116 3899 180 3942 esrn
202 3886 307 3958 spiritu
328 3886 384 3944 Dei
405 3888 468 3960 egi,
489 3893 590 3960 utpote
611 3902 709 3945 vocem
729 3886 819 3960 ipsius
839 3883 947 3942 dontini
969 3882 1023 3940 Dei
1044 3883 1117 3950 mei,
1145 3881 1194 3951 qui
1215 3894 1269 3951 per

117 4004 150 4047 os
170 3989 309 4049 Vestrum
329 3991 398 4049 mibi
418 3990 633 4068 demo[n]stret,
654 3990 722 4062 quid
745 4006 788 4048 me
809 4004 897 4063 egere
918 3989 1060 4059 oporteat.
1096 3981 1268 4054 Respondes

116 4093 207 4164 igitur
234 4093 273 4152 ed
299 4098 454 4165 utrumque
481 4101 584 4167 ceput,
615 4108 661 4151 me
687 4093 754 4151 hius
779 4092 903 4149 crestino
928 4088 974 4147 die
996 4084 1184 4158 Nirtingem¹
1211 4087 1268 4144 dis·

690 4213 706 4247 ¹i¹

189 4310 201 4363 1
224 4307 395 4380 Nurtiugem
415 4308 566 4364 stedtobeu
583 4324 629 4363 em
647 4306 767 4368 Neckeu
787 4306 804 4358 6
822 4300 944 4357 stendeu
962 4316 1019 4355 rou
1037 4297 1192 4369 stuttgart.

1016 4399 1032 4450 7
1043 4396 1057 4426 s
