2768 4740
657 226 718 288 150
1194 223 1261 279 1555

197 399 313 458 Utinam
334 399 532 458 Illustrissima
553 398 718 456 Dominatio
741 397 845 456 Vestra
865 397 1024 471 mandaret,
1045 404 1078 457 nt
1097 400 1265 460 mitteretur

114 506 149 564 ad
171 524 216 563 ine
237 505 384 563 decretum
406 503 501 561 diaetre
524 504 740 575 {ratisponensis
760 508 930 575 postremae,
952 504 1024 562 illud
1044 505 1163 576 seilicet,
1186 505 1262 579 quod

114 608 263 668 confirmat
283 607 403 665 decreta
424 606 601 680 Angrrstonae
623 605 731 678 dietae,
761 605 864 679 quibus
885 612 980 665 notum
1001 611 1045 663 est
1065 605 1101 663 do
1122 606 1262 680 religione

114 713 199 771 etde
221 728 291 783 paee
312 711 453 771 servanda
474 728 564 784 usqne
585 711 622 768 ad
650 710 811 769 concilium.
854 711 906 769 Est
933 710 1001 768 milri
1023 709 1107 769 valde
1135 728 1207 783 opus
1228 729 1262 770 eo

114 817 231 876 decreto
252 823 371 890 propter
390 814 527 887 libellum,
549 830 633 887 (luem
656 833 731 874 nurm
751 815 861 874 adorno
883 821 984 874 eontra
1004 817 1096 887 ipsum
1118 816 1228 875 Sotnm.

192 921 340 980 venissem
363 928 476 993 egomet
497 938 572 978 nune
592 920 628 978 ad
650 920 858 979 Celsitudinern
874 921 1015 990 Vestram,
1038 920 1090 978 sed
1111 937 1168 979 non
1189 920 1261 978 bene

113 1024 215 1098 liabeo,
236 1033 323 1098 atque
345 1032 389 1084 est
409 1026 495 1084 aninri
518 1025 647 1098 ‹pnaedam
668 1025 810 1098 aegritudo
832 1033 860 1084 et
881 1025 1033 1096 moestitia,
1057 1042 1121 1099 qum
1141 1041 1187 1083 me
1204 1031 1262 1083 tor·

114 1136 191 1202 quet,
213 1147 269 1188 non
290 1131 432 1203 eorporis3
454 1147 585 1202 quianam
606 1147 641 1188 ea
660 1132 707 1202 sit,
730 1130 821 1189 dinam
843 1131 1006 1204 aliqnando.

192 1232 367 1291 Commendo
381 1248 426 1294 me
440 1239 610 1292 reverenter
621 1233 823 1291 Illustm'ssimm
839 1233 1031 1293 llominationi
1043 1235 1165 1307 Vestrae,
1179 1251 1261 1307 qnam

114 1337 193 1397 lleus
214 1337 337 1408 optimus
358 1338 497 1394 rrrnximus
519 1335 567 1393 diu
599 1334 770 1393 ineolumem
799 1343 895 1394 servet
924 1339 1054 1396 ecolesiae
1074 1353 1135 1395 sure
1156 1343 1261 1396 saneta

114 1456 168 1515 per
188 1439 333 1500 Christum
354 1439 500 1497 dominum
522 1443 659 1497 nostrum.

193 1545 332 1619 Tubingae
353 1545 445 1616 pridie
466 1542 523 1601 kal.
546 1541 716 1599 Novembris
740 1544 823 1599 1557.

1021 1647 1184 1720 Vergerius.

188 1761 250 1815 Von
270 1761 319 1814 dos
338 1760 454 1831 hemogs
472 1760 571 1830 oigner
589 1759 665 1813 hand
684 1760 767 1813 stand
785 1761 835 1814 eal
852 1761 914 1815 dem
933 1762 1020 1816 rande
1031 1762 1053 1814 ¹:

197 1858 290 1916 Wenn
319 1859 365 1916 die
393 1860 520 1929 theologi
549 1874 602 1914 von
624 1858 739 1915 Worms
760 1857 874 1916 werden
896 1859 1044 1931 hommem,
1074 1860 1195 1918 olsdann
1215 1877 1262 1931 go·

116 1963 210 2021 dentre
232 1963 277 2022 ioh
298 1963 344 2021 dio
367 1963 550 2034 vorordnnng
571 1980 604 2019 zu
626 1963 706 2034 tlrun,
729 1963 818 2020 dormit
836 1965 925 2021 Asoto
946 1963 1052 2022 wieder
1072 1971 1261 2036 geantwortet

114 2066 219 2124 werde.

198 2171 261 2229 lien
282 2169 512 2228 reichsabselried
535 2168 623 2227 lindet
645 2185 677 2226 er
702 2189 736 2226 nu
761 2169 910 2241 l'hhingen
933 2170 1094 2242 gedruelrt,
1126 2188 1159 2227 er
1184 2171 1262 2229 nolle

115 2275 185 2332 aber
206 2275 357 2347 derwegen
380 2275 471 2332 nielrts
492 2276 520 2331 in
543 2273 635 2332 drnok
655 2274 800 2346 ansgelren
823 2275 933 2344 lassen‚'
949 2273 1002 2331 ehe
1024 2275 1068 2332 ioh
1084 2274 1195 2333 selehes
1213 2291 1261 2347 ge·

114 2379 202 2436 sehon
224 2379 283 2436 und
310 2394 441 2450 ernogen
471 2377 551 2436 habe.
594 2379 676 2437 Denn
707 2380 737 2436 in
766 2379 830 2437 dem
856 2380 1084 2439 reichsabsohied
1112 2379 1262 2438 allerhnnd

113 2483 218 2540 sochen
249 2483 332 2551 sind,
372 2483 418 2541 die
449 2483 528 2540 nielrt
560 2484 631 2543 nach
666 2484 731 2542 dem
763 2483 940 2543 buohstaben
970 2485 1055 2543 allein
1087 2485 1261 2543 rerstanden

114 2586 243 2646 kdnnten
271 2587 400 2659 werden,
429 2605 510 2645 marm
539 2589 618 2646 nicht
642 2591 724 2647 einer
744 2589 797 2647 der
817 2589 1021 2661 prr-amoeniter
1041 2606 1129 2648 znror
1150 2589 1263 2647 wissen-

114 2690 207 2752 sclao
227 2691 287 2752 hot.

666 2912 712 2966 54.

419 3042 544 3129 Vorger
567 3067 608 3109 an
632 3044 751 3128 herzog
774 3044 959 3127 Ohriatoph.

449 3155 599 3228 Tttbingen
621 3161 639 3212 4
662 3156 824 3214 November·
848 3159 931 3215 1557.

186 3255 293 3326 Verger
311 3254 397 3311 bittet
418 3275 461 3310 um
482 3256 629 3312 naehrieht
649 3257 716 3312 iiber
730 3256 776 3312 die
788 3258 858 3312 reiso
871 3257 918 3312 dea
932 3255 1071 3312 cardinale
1086 3272 1139 3309 von
1151 3253 1261 3319 Trient;

114 3350 236 3405 orbietet
254 3350 313 3408 sieh
332 3371 365 3406 zn
384 3353 460 3408 einer
479 3351 690 3423 gesandhsehaft
709 3353 782 3408 naeh
801 3353 980 3409 Franlrreioh.

184 3443 328 3500 Gedruokt
346 3447 391 3501 bei
411 3446 514 3501 hebret
532 3446 580 3510 ΙΙΙ,
600 3447 651 3501 559
673 3446 746 3502 ohne
766 3449 875 3518 angebo
894 3449 942 3504 des
960 3449 1080 3503 datums.

191 3539 388 3601 'illustrissime
411 3545 547 3617 Princeps
569 3550 599 3602 et
619 3544 743 3601 Domine
765 3545 887 3602 llomine
910 3545 1159 3605 Clementissirne!

194 3646 287 3704 lindio
308 3647 482 3705 cardinalem
503 3647 729 3707 Tridentinum²
750 3665 812 3707 esse
833 3650 862 3706 in
883 3652 945 3720 ria,
968 3657 998 3706 nt
1019 3651 1055 3708 ad
1076 3667 1175 3722 regem
1197 3650 1261 3707 Phi·

114 3751 221 3825 lippum
243 3753 272 3808 in
294 3752 424 3825 Belgium
446 3761 505 3811 eat:
539 3755 728 3812 transitumm
752 3770 819 3811 vero
849 3770 900 3825 per
922 3755 1056 3813 (tuentum
1078 3738 1262 3812 Celsitndinis

114 3855 235 3913 Vestrae.
277 3857 442 3914 Intercessit
464 3857 531 3913 mihi
554 3874 618 3914 enin
640 3875 674 3916 oo
703 3858 857 3930 aliqnando
885 3859 1045 3917 aretissinm
1073 3858 1260 3927 familiaritas,

113 3977 203 4033 qnare
224 3977 357 4032 euperem
380 3977 443 4018 oum
466 3960 582 4033 alloqui,
603 3968 690 4034 atque
712 3962 867 4021 ndnrormre
888 3964 931 4023 sui
953 3964 1055 4034 oflicii,
1078 3981 1132 4022 nee
1152 3963 1259 4025 dubito,

680 4094 695 4126 *

192 4193 201 4243 l
225 4192 252 4246 S.
271 4209 297 4245 ιι.
317 4194 358 4247 55.

185 4279 201 4331 2
219 4277 283 4353 vgl.
303 4296 329 4333 n.
350 4282 393 4335 49.
