2768 4740
660 271 723 333 443

662 521 727 576 227.

423 643 549 730 Herzog
573 641 747 726 omissoph
772 665 813 707 au
840 642 971 729 Verger.

471 774 640 847 duppingen
662 779 680 831 4
701 775 814 846 August
838 776 921 832 1565.

186 897 303 953 Subiciet
323 895 430 964 Verger
451 898 501 950 idn
520 894 545 948 ll.
566 913 613 949 aur
633 897 842 963 uunbemtlieung.

142 1026 146 1033 ·
196 993 421 1065 christophorus
443 1002 496 1052 etc.

198 1098 325 1158 Litteras
346 1105 465 1167 vestras,
488 1099 648 1158 reverende
671 1098 752 1156 nobis
773 1097 887 1167 dilecte,
910 1097 1089 1170 accepimns,
1117 1112 1152 1154 ex
1172 1096 1265 1168 iisque

116 1203 153 1262 de
175 1202 287 1262 diutino
308 1202 406 1261 morbo
427 1208 534 1274 vestro,
554 1220 613 1277 quo
634 1202 729 1261 adbuc
748 1201 934 1271 detinemini,
956 1200 1032 1262 baud
1053 1216 1121 1260 sane
1143 1199 1267 1260 libenter

116 1308 296 1381 accepimus,
328 1307 466 1380 uobisque
494 1307 567 1366 adeo
598 1309 646 1380 pio
675 1312 704 1366 et
729 1307 885 1382 christiano
910 1305 1004 1365 naimo
1032 1305 1216 1365 condolemus
1238 1311 1267 1364 ot

117 1427 272 1491 speramus,
298 1412 387 1468 Deum
410 1411 548 1484 optimum
569 1412 721 1469 maximnm
743 1410 809 1469 huic
830 1415 933 1468 vestrm
956 1408 1114 1468 valetudini
1136 1409 1266 1469 adversm

117 1515 198 1574 brevi
219 1531 311 1589 opem,
333 1532 398 1588 qnae
418 1515 464 1572 uel
484 1513 521 1571 ad
543 1516 695 1572 sanitatem
708 1512 838 1584 corporis
853 1511 898 1570 vel
911 1511 1032 1571 sulutem
1048 1511 1150 1569 animm
1163 1518 1267 1571 vestrm

118 1624 239 1692 spectet,
262 1619 395 1677 laturum.
427 1616 545 1676 Interim
566 1617 616 1691 qni
631 1617 785 1676 necessarii
801 1623 930 1690 sumptus
944 1622 1103 1690 suppetunt
1112 1614 1130 1686 ¹,
1152 1622 1266 1675 centum

118 1723 242 1782 lloreuos
264 1723 344 1783 vobis
365 1723 592 1793 transmittimus,
613 1729 700 1796 utque
721 1726 750 1781 iu
772 1723 885 1793 ceteris,
908 1720 1011 1795 quibus
1032 1737 1182 1794 possumus
1201 1735 1266 1793 gru·

116 1827 229 1896 tificari,
250 1828 442 1902 percupimus.

197 1933 281 1991 Datae
302 1933 460 2010 Geppingae
480 1933 573 2006 pridie
594 1933 693 1993 Nonas
715 1933 838 2007 Augusti
859 1949 934 1992 anno
956 1935 1002 1989 65.

656 2172 722 2231 228.

338 2299 475 2385 Ludwig
500 2298 623 2386 Verger
645 2321 686 2364 an
712 2300 833 2387 herzog
855 2301 1041 2387 Christoph.

469 2430 620 2504 Tubiugen
642 2434 661 2488 4
681 2432 808 2491 October
830 2436 914 2490 loos.

186 2551 268 2622 Zeigt
286 2551 350 2606 dem
368 2552 473 2624 hemog
492 2553 546 2608 den
564 2554 614 2609 lod
633 2553 724 2610 seinos
743 2553 850 2610 obeims
870 2572 914 2609 an.

194 2649 390 2708 illustrissime
411 2650 550 2726 Princeps
571 2659 601 2710 et
623 2652 744 2711 Domine
766 2653 889 2712 Domine
911 2651 1154 2711 clementissime!

193 2753 322 2812 Tandem
344 2754 433 2813 Pater
453 2754 579 2813 coelestis
600 2753 627 2811 d.
652 2754 820 2828 Vergeu’um
848 2763 981 2827 patruum
1010 2771 1104 2815 meum
1125 2771 1162 2812 ex
1183 2755 1266 2814 mise·

115 2860 167 2917 riis
186 2865 217 2918 at
237 2859 448 2918 calamitatibus
470 2860 556 2933 hujus
577 2861 675 2919 muudi
696 2859 832 2920 liberavit
858 2868 890 2920 et
916 2861 952 2919 ad
981 2859 1095 2919 beatam
1123 2866 1154 2918 et
1180 2865 1266 2918 mter·

116 2978 181 3022 uam
202 2962 280 3021 illam
302 2966 398 3036 ritem,
420 2967 558 3039 sanguiue
577 2965 684 3025 domini
707 2967 798 3026 nostri
819 2967 890 3027 Josu
905 2964 1012 3026 Christi
1031 2964 1217 3026 credentibus
1237 2965 1265 3022 iu

119 3084 184 3126 eum
206 3075 413 3142 comparatam,
439 3073 563 3144 accepit.
605 3071 699 3131 Hodie
729 3073 804 3131 euim
832 3072 910 3130 iuter
938 3070 1117 3130 undecimam
1145 3075 1175 3126 et
1196 3067 1266 3126 duo-

115 3172 255 3231 decimam
276 3174 377 3232 liuram
396 3175 426 3233 in
448 3173 495 3232 die
524 3174 585 3232 sine
616 3175 675 3234 ulla
703 3173 765 3232 lere
792 3173 925 3233 molestia
951 3174 1027 3232 diem
1049 3189 1130 3231 sunm
1152 3171 1267 3242 clausit;

114 3277 142 3335 ei
165 3283 225 3335 tum
247 3281 464 3338 corncionatores
486 3287 545 3339 lum
566 3280 671 3340 medici
692 3297 744 3339 sua
766 3296 855 3352 opera
875 3297 931 3337 non
953 3277 1125 3346 doluerunt,
1146 3292 1268 3349 praeser·

114 3383 166 3440 tim
185 3399 254 3443 vero
267 3383 295 3441 d.
308 3383 422 3442 Primus
434 3383 583 3458 rl'ruberus
592 3382 612 3452 ¹,
635 3383 683 3456 qui
704 3390 849 3457 tamquam
870 3389 1088 3449 conterraneus,
1110 3379 1267 3452 spirituali-

115 3483 168 3542 bus
189 3485 434 3544 consolationibus
456 3488 604 3562 usquead
628 3488 757 3546 ultimum
779 3488 910 3560 spiritum
932 3489 1052 3558 solatus,
1068 3492 1125 3552 est,
1152 3491 1185 3543 ut
1210 3500 1266 3544 uon

112 3590 151 3646 sit
172 3589 307 3660 dubium,
341 3607 405 3648 eum
436 3591 472 3648 ad
502 3608 565 3651 eam
594 3597 699 3650 metam
727 3592 913 3666 pervenisse,
944 3592 981 3651 ad
1008 3608 1091 3664 quam
1119 3587 1266 3658 tendebat
1318 3566 1325 3579 ⁶

114 3709 219 3765 nempe
241 3695 276 3752 ad
300 3695 385 3753 vitam
408 3699 555 3753 internam.
597 3694 705 3754 Sollius
726 3701 805 3766 erat,
828 3695 895 3753 dum
916 3694 1011 3754 adbuc
1030 3709 1170 3768 prospera
1191 3694 1267 3752 rale-

114 3800 217 3859 tudine
239 3806 381 3870 uteretur,
403 3799 457 3857 lroc
479 3799 593 3857 nomine
613 3800 773 3871 presertim
794 3800 931 3871 gloriari,
953 3798 1030 3873 qnod
1050 3799 1124 3857 adeo
1143 3797 1267 3858 aleman·

113 3909 173 3962 tem
196 3909 226 3962 ot
246 3903 580 3976 benignum-principem
607 3903 814 3964 Oeleitudinem
839 3905 970 3963 Vestram
991 3902 1119 3970 liaberet,
1140 3901 1188 3975 qni
1209 3917 1266 3959 non

113 4008 217 4075 solum,
239 4008 306 4068 dum
330 4010 455 4080 viveret,
477 4010 520 4067 sui
541 4026 638 4067 curam
661 4008 796 4082 baberet,
826 4027 923 4071 rernm
953 4010 1039 4069 etiam
1060 4011 1267 4084 postmortem

186 4243 198 4295 1
224 4240 395 4297 Undeutliub
415 4259 449 4294 zu
468 4240 554 4296 lesen.

186 4330 202 4380 2
222 4327 248 4382 8.
268 4345 294 4383 n.
315 4329 356 4396 17,
