2768 4740
124 244 191 302 1⁵61
669 251 730 311 eos
880 294 892 329 ,
949 270 952 277 ·

120 427 173 490 est,
195 417 298 491 vulpis,
320 418 423 490 vulpis,
445 419 562 493 (Vestra
582 420 778 478 Illustrissima
798 420 946 479 Celsitudo
967 422 1070 481 melius
1090 422 1195 498 novit),
1216 439 1270 482 nea

121 530 219 597 posset
249 540 302 581 vox
330 523 573 582 accommodatior
601 523 724 595 proferri
752 523 780 580 in
809 525 985 583 cardinalem
1012 519 1146 584 illum⁶¹.
1189 526 1272 585 Gom·

121 628 225 686 mendo
246 645 292 686 me
312 628 519 687 illustrissimae
542 628 712 686 (lelsitudiui
733 629 854 686 Vestrae.
896 630 954 687 Oro
983 640 1122 690 aeternum
1144 632 1271 702 Patrem,

122 741 153 790 ut
172 733 215 791 illi
236 742 345 805 augeat
364 750 445 792 suum
466 733 599 807 spiritum
621 749 672 806 per
694 733 838 792 Christum
859 735 1004 792 domiuum
1028 745 1165 793 nostrum.

198 837 338 910 Trnione
358 840 395 897 23
418 837 465 896 die
486 837 619 898 Octobris
643 840 727 896 1561.

351 941 556 999 illustrissimae
577 940 765 1000 celsitudinis
785 942 898 1000 Vestrae
919 942 1044 1001 servitor

1025 1048 1191 1120 Vergerius.

625 1228 765 1315 Beilage.

199 1357 350 1417 Postulsta
377 1359 466 1431 legati
494 1358 605 1430 papalis
633 1365 663 1416 et
691 1359 779 1430 legati
807 1358 932 1432 Philippi
960 1358 1164 1434 Hispaniarum
1192 1362 1269 1435 regis

118 1461 156 1518 ad
177 1461 308 1522 dominos
329 1463 447 1522 eroetos
460 1461 478 1520 ¹.

121 1569 145 1624 l.
177 1567 262 1638 Quod
283 1567 466 1640 expellantur
485 1564 521 1623 ab
542 1566 673 1624 omnibus
694 1569 792 1625 eorum
806 1567 939 1625 dominiis
951 1584 1048 1626 onmes
1062 1567 1269 1640 praedicatores

166 1670 347 1742 'evangelici
371 1673 419 1744 spui
441 1687 476 1727 ex
499 1670 583 1728 Italia
604 1672 757 1728 venissent.

117 1778 146 1831 2.
181 1775 265 1846 Quod
286 1775 468 1848 expellantur
489 1790 586 1833 omues
601 1776 674 1846 Itali,
689 1775 767 1833 missi
781 1776 809 1833 in
824 1777 939 1834 exilium
953 1783 1074 1849 propter
1087 1777 1266 1851 religionem,

178 1886 238 1937 tum
259 1896 294 1937 ex
315 1879 390 1938 salle
411 1879 533 1944 Tellina,
556 1888 615 1937 tum
638 1897 673 1937 ex
694 1881 757 1939 aliis
778 1883 839 1938 suis
859 1881 1006 1948 dominiis,
1030 1897 1124 1953 neque
1145 1883 1267 1956 amplius

178 1987 346 2053 acceptetur
366 1981 450 2039 ullus.

115 2089 145 2141 3.
179 2086 262 2157 Quod
282 2086 371 2159 priori
393 2091 423 2142 et
444 2085 590 2144 monachis
611 2093 707 2157 terre,
729 2104 793 2160 (pure
814 2090 978 2160 appellatur
991 2089 1162 2163 Morbogno,
1183 2093 1267 2151 resti·

178 2196 297 2247 tuantur
316 2205 369 2246 sua
390 2188 552 2261 privilegia,
580 2195 609 2248 et
635 2189 712 2261 quod
740 2193 851 2262 possint
878 2192 994 2252 mittere
1015 2211 1082 2253 suos
1103 2194 1266 2268 monachos,

178 2293 227 2366 qui
247 2293 415 2367 praedicent,
437 2293 485 2352 ubi
507 2293 660 2351 voluerim.

117 2401 146 2454 4.
179 2397 262 2469 Quod
283 2397 399 2457 mittant
419 2415 487 2457 suos
507 2405 637 2457 oratores
658 2398 695 2456 ad
716 2399 866 2457 consilium
887 2399 1098 2460 'tridentinum

116 2505 146 2557 5.
181 2501 262 2573 Quod
284 2502 425 2574 recipiant
445 2503 580 2562 Jesuitas.

116 2610 146 2662 6.
178 2605 260 2676 Quod
281 2605 416 2664 aboleant
436 2607 653 2680 typographiam
676 2607 836 2665 institutam
858 2609 885 2665 in
908 2615 986 2666 torro
1007 2609 1159 2668 Pusolavii.

115 2714 145 2768 7.
176 2711 258 2782 Quod
280 2710 485 2770 comburantur
505 2729 602 2770 omnes
623 2711 698 2782 libri,
721 2712 769 2785 qui
790 2713 948 2785 loquuntur
968 2720 1069 2772 contra
1091 2714 1207 2786 Papam.

116 2817 146 2872 8.
179 2814 261 2886 Quod
289 2817 459 2874 restituatur
490 2818 602 2888 integre
635 2834 686 2875 sua
710 2816 875 2888 jurisdictio
905 2819 1038 2891 episeopo
1060 2818 1208 2887 Comensi,
1234 2829 1263 2878 et

180 2920 256 2992 quod
278 2938 308 2979 se
330 2937 386 2978 uon
408 2923 564 2994 impediant
585 2939 678 2996 usquo
708 2922 833 3004 lrabeant
858 2923 1042 2981 autoritatem
1068 2925 1097 2980 iu
1125 2939 1263 2996 personas

177 3026 394 3095 ecclesiasticas,
416 3032 474 3082 tam
495 3026 523 3082 iu
545 3025 620 3083 civili
642 3043 727 3098 quam
748 3027 775 3083 in
797 3027 950 3094 criminali,
972 3042 1066 3099 neque
1088 3025 1195 3085 iaciant
1215 3044 1264 3086 eos

176 3130 288 3186 solvere
309 3128 427 3195 tributa,
449 3128 500 3185 sed
520 3130 616 3186 sinant
636 3145 685 3187 eos
707 3128 762 3185 irui
784 3146 836 3187 sua
855 3129 997 3202 spirituali
1018 3129 1162 3191 libertate.

113 3236 143 3290 9.
177 3233 260 3304 Quod
280 3235 452 3292 restituatur·
472 3249 524 3291 suo
544 3233 772 3306 diguitasPapae,
794 3244 825 3292 et
839 3233 915 3306 quod
930 3237 954 3292 si
965 3236 1078 3295 miserit
1093 3253 1159 3296 suas
1171 3236 1265 3296 bullas

177 3345 206 3396 et
226 3338 421 3410 indulgentias
440 3337 470 3394 iu
492 3338 542 3396 illa
563 3337 701 3408 dominia,
723 3338 901 3412 recipiantur
922 3339 1141 3415 habeanturque
1162 3343 1191 3400 iu
1213 3343 1264 3400 1ιο-

176 3460 245 3502 nore
267 3452 353 3517 atque
376 3444 572 3502 reiteratione.

187 3583 238 3635 Aur
257 3582 344 3638 raude
364 3599 418 3636 rou
439 3581 486 3634 des
505 3579 621 3647 herzogs
640 3577 731 3631 haud:

189 3685 207 3721 a
224 3667 293 3722 nott
311 3669 370 3722 seiu
388 3685 460 3736 weg.

188 3752 286 3810 berall
304 3756 352 3809 des
372 3757 456 3824 pabst
481 3753 538 3807 und
562 3752 666 3821 kilnigs
685 3769 738 3804 von
759 3751 893 3821 Hispania
918 3753 1114 3809 bottsohaffter
1135 3753 1190 3823 bey
1208 3754 1262 3809 den

107 3824 195 3895 xlistis
215 3842 325 3915 merden
346 3840 520 3903 anllriohteu,
541 3840 578 3893 ist
596 3858 627 3892 zu
648 3842 809 3901 erwartten,
828 3856 872 3893 wa
891 3839 936 3894 die
955 3840 1057 3895 sochen
1070 3858 1106 3895 an
1117 3842 1263 3911 posteriori

187 4027 198 4078 l
219 4025 271 4078 Eiu
290 4024 426 4079 silberues
446 4024 531 4077 kreuz
550 4022 646 4076 wurde
671 4022 729 4076 ihm
749 4023 795 4076 bei
814 4023 920 4077 seiuem
940 4023 1040 4093 einaug
1058 4023 1087 4075 iu
1106 4022 1184 4076 Paris
1203 4038 1264 4076 vor·

111 4115 254 4183 gotragen
275 4112 331 4164 und
350 4110 459 4165 damals
477 4109 532 4163 rial
544 4108 602 4161 ihm
621 4109 707 4162 solron
725 4109 771 4164 die
789 4108 991 4179 bevdlkernng,
1013 4108 1131 4172 Reuard,
1150 4108 1263 4163 Reuard

112 4218 155 4252 zu.
193 4197 220 4251 S.
240 4217 266 4253 n.
290 4198 347 4253 128.

183 4286 200 4338 2
221 4283 431 4339 Ariaramneia
449 4253 525 4340 siene
543 4285 618 4341 uae
636 4284 741 4340 astino
761 4286 796 4340 ne
815 4285 900 4341 rora
918 4285 953 4349 rr,
974 4286 1036 4341 seo.
