2768 4740
114 258 184 312 1558
662 266 721 325 173

110 451 215 505 nempe
235 434 451 507 inquisitionem
471 432 654 506 hispanicam,
676 449 732 505 qna
751 433 822 492 uilnil
843 439 941 506 potest
961 435 1109 494 crudelius
1130 441 1160 494 el
1173 432 1264 493 scele-

110 538 203 595 ratius
224 538 392 610 excogitari.
432 538 527 595 Tanto
557 553 627 608 ergo
655 537 751 609 rigore
779 537 955 608 procedetur
982 555 1059 597 nunc
1085 544 1186 596 contra
1207 555 1265 607 eos,

111 642 161 713 qui
182 658 266 698 usum
286 659 369 715 aqum
389 645 495 698 sunctae
516 639 563 712 (nt
583 638 743 712 appellant)
764 639 943 710 negaverint,
965 646 1072 711 quanto
1087 647 1188 699 contra
1206 621 1266 708 eos}

112 745 161 817 qui
186 747 321 804 messiam
341 746 388 821 (nt
407 744 521 802 Marani
541 741 662 816 faciunt)
691 743 803 800 venisse
831 743 1009 814 negaverint.
1051 743 1134 801 Nunc
1161 744 1266 817 aliquis

111 849 254 906 tumultus
274 856 409 907 nascetur
427 849 457 906 in
478 848 574 907 Gallia
595 847 695 921 procul
717 847 812 905 dubio.
854 846 990 905 Germani
1015 853 1191 906 mercatores
1210 849 1263 906 im·

111 960 281 1026 petrarnnt,
302 970 338 1012 ne
358 960 417 1010 tam
437 954 544 1025 iniquae
564 960 594 1011 et
615 949 766 1009 diabolica
784 951 962 1024 inquisitioni
983 951 1167 1025 subjaceant,
1195 954 1265 1011 alio·

112 1059 180 1131 quin
201 1057 387 1115 minabantur
407 1056 515 1128 lugam.

190 1163 314 1220 Ostendi
336 1178 428 1235 nuper
451 1163 565 1220 Vcslrae
585 1161 789 1218 Illustrissimae
810 1159 983 1220 eelsitudini
1003 1160 1130 1233 litteraS,
1161 1163 1264 1233 quibus

111 1267 149 1325 ad
169 1283 215 1324 me
238 1284 273 1326 ex
287 1266 409 1324 Polonia
420 1265 611 1335 scribebatur,
633 1264 767 1323 doctores
783 1264 949 1323 Helveticos
965 1265 1112 1337 scripsisse
1129 1283 1264 1324 censuras

111 1372 139 1426 in
163 1369 373 1428 contessionem
394 1370 579 1428 Valdensinm
611 1376 641 1427 et
672 1385 808 1440 curasse,
838 1387 887 1427 cus
917 1385 969 1441 per
989 1370 1137 1428 Poloniam
1158 1371 1264 1443 spargi.

111 1475 196 1532 Nnuc
216 1475 254 1534 de
276 1475 385 1533 eisdem
406 1474 534 1532 censuris
554 1473 661 1530 ibidem
690 1473 796 1544 sparsis
823 1474 930 1532 iterum
957 1474 1068 1545 audivi;
1099 1475 1152 1533 sed
1178 1476 1264 1533 audio
1300 1469 1306 1482 '

111 1579 195 1636 simul
218 1584 476 1651 peropportunum
497 1577 661 1635 antidotum
681 1575 789 1645 tuisse,
821 1577 897 1649 quod
928 1595 982 1650 ego
1009 1580 1069 1651 jum
1093 1595 1263 1652 sparsurum,

113 1682 236 1739 eundem
252 1681 461 1741 contessionem
471 1682 635 1740 testimonio
651 1681 772 1739 Lntheri
784 1681 802 1750 ¹,
823 1681 957 1754 Philippi,
978 1679 1081 1740 Buceri
1096 1688 1127 1739 ot
1138 1683 1264 1742 Muscnli
1348 1679 1355 1692 '

113 1786 301 1844 disertissime
323 1784 519 1843 confirmatam
540 1790 571 1841 et
592 1783 814 1855 comprobatam.
856 1781 957 1842 Habeo
984 1785 1071 1842 eliam
1090 1785 1170 1843 alind
1190 1787 1263 1844 anti-

112 1891 213 1948 dotum
235 1889 373 1948 ndversns
394 1889 509 1948 easdem
530 1904 683 1959 censuras,
705 1903 807 1959 nempe
828 1888 941 1945 litteras
962 1888 1179 1948 eorundemmot
1197 1907 1263 1948 cou-

111 2011 219 2065 sornm,
241 1994 343 2066 quibus
363 2001 430 2052 ante
452 1994 608 2051 triennium
623 1992 779 2051 laudarunt
794 2009 857 2050 eam
872 1989 1088 2062 contessionem,
1109 2000 1263 2066 antequam

112 2100 225 2157 scilicet
246 2099 273 2156 d.
296 2077 447 2156 Laschus¹
476 2099 505 2154 in
527 2098 675 2155 Poloniam
697 2097 911 2168 commigrasset
930 2103 1018 2169 atque
1038 2097 1123 2155 istam
1143 2099 1263 2156 camori-

112 2218 178 2259 nam
199 2201 343 2258 movisset.
383 2200 537 2272 Oportebit
557 2216 603 2257 me
625 2217 674 2257 cns
695 2199 809 2257 litteras
829 2215 974 2273 spargere.

192 2305 396 2363 Seuerissimus
416 2301 564 2361 Bohemiae
585 2318 637 2360 rex
658 2308 746 2374 atque
768 2317 825 2359 nna
846 2301 1031 2360 coricionator
1058 2302 1144 2374 ejns¹
1164 2320 1263 2362 monu-

113 2414 197 2466 erant
217 2425 272 2474 me,
293 2415 326 2464 ut
346 2405 454 2478 aliquid
475 2404 613 2462 adversus
634 2421 735 2462 usuras
748 2404 904 2462 scriberem
919 2422 953 2463 uc
966 2406 1111 2466 mitterem
1132 2407 1169 2466 nd
1188 2408 1262 2466 illos.

112 2512 180 2569 Non
201 2509 256 2568 luit
275 2509 344 2566 mihi
371 2508 460 2566 otium
488 2507 616 2564 scribere
643 2506 679 2563 dc
709 2523 790 2577 meo,
823 2524 911 2579 quare
942 2509 1038 2565 curavi
1066 2509 1262 2568 recudendum

113 2614 261 2674 hlnsculi⁴
281 2614 425 2684 libellum,
452 2612 501 2685 qui
521 2611 589 2669 mihi
611 2612 740 2668 severius
760 2627 846 2682 agere
867 2612 896 2669 in
917 2610 971 2670 hac
991 2613 1111 2671 materia
1132 2613 1260 2686 videtum

112 2733 170 2775 non
192 2723 238 2775 est
257 2715 383 2783 dubium,
405 2715 472 2787 quin
494 2719 631 2786 corrupta
651 2713 735 2771 valde
756 2713 813 2770 sint
835 2720 934 2773 nostra
952 2722 1082 2788 tempora
1103 2718 1153 2774 tali
1168 2725 1258 2790 peste.

113 2822 200 2881 blitto
228 2837 315 2878 unum
342 2818 501 2890 exemplum
530 2818 685 2890 duntaxat,
716 2824 749 2876 nt
769 2818 874 2878 Vestra
895 2819 1091 2879 illustrissimo
1112 2821 1260 2881 Celsitudo

680 2920 696 2951 ⁵

113 2983 310 3046 cinzutiihren,
335 2982 475 3052 gelangen
495 2980 574 3036 nicht
594 2980 781 3051 vollstiindig,
808 2982 927 3055 sondcrn
946 2983 1057 3039 idhrten
1077 3002 1129 3037 nur
1147 3002 1179 3037 zu
1198 2984 1261 3039 dem

112 3070 196 3125 edikt
215 3087 270 3124 von
284 3070 453 3140 Compibgue
470 3068 665 3133 2416111557,
685 3068 804 3124 welches
822 3087 895 3125 zwar
913 3073 1025 3142 strange
1043 3072 1148 3126 straten
1167 3088 1260 3143 gagen

112 3159 159 3213 die
178 3157 400 3229 Evangelischen
420 3156 584 3226 anseprach,
613 3157 680 3212 uber
699 3156 861 3213 wesentlich
885 3175 939 3212 rou
959 3159 1008 3214 der
1026 3158 1191 3227 inquisition
1211 3158 1259 3214 ab·

112 3246 200 3309 wich;
230 3264 250 3299 s.
269 3245 388 3307 Polcnz,
415 3243 577 3314 geschichte
599 3244 647 3299 des
665 3244 871 3300 franzdsischen
890 3245 1076 3300 Calvinismus
1101 3247 1131 3311 1,
1158 3248 1210 3302 366
1231 3246 1259 3301 ff.

113 3332 220 3387 Soldan
239 3332 259 3398 I,
280 3333 329 3385 251
351 3332 369 3385 f.

186 3420 199 3472 l
220 3419 246 3473 S.
266 3419 305 3473 br.
326 3419 369 3472 60.
387 3420 453 3474 616.
490 3421 522 3473 16
541 3420 591 3475 der
610 3422 725 3477 rorrede
743 3438 776 3476 zu
794 3421 844 3476 der
864 3422 932 3476 1538
957 3421 1149 3491 gedruclrteu‚
1176 3424 1263 3477 etwas

113 3509 301 3563 retundenteu
319 3507 475 3563 confession
495 3507 577 3563 batte
590 3507 695 3563 [rather
712 3508 757 3562 die
776 3508 878 3563 brlider
896 3507 954 3562 und
973 3507 1053 3563 ihren
1071 3507 1194 3577 glauben
1215 3526 1263 3579 ge·

115 3595 188 3658 lobt;
208 3613 229 3648 s.
249 3594 379 3664 Gindely,
404 3595 568 3666 geschichte
587 3596 637 3649 der
655 3595 837 3650 bdhmischan
855 3595 959 3649 briider
978 3595 1004 3659 1,
1025 3596 1090 3661 240,
1114 3595 1171 3666 rgl.
1190 3596 1263 3651 auch

114 3684 169 3738 den
187 3683 265 3737 brief
276 3684 397 3754 Vergers
416 3701 453 3738 66
467 3683 609 3754 Ostrorog,
628 3683 731 3738 Fontes
749 3701 799 3737 rer.
820 3685 905 3737 nustr.
925 3682 959 3747 Il,
978 3683 1018 3737 19.
1037 3682 1088 3735 214
1101 3681 1137 3747 ff,
1156 3698 1199 3736 wo
1217 3681 1263 3736 die

113 3790 216 3827 namen
235 3771 292 3825 nnd
310 3771 451 3826 lobenden
471 3771 654 3843 husscruugen
673 3773 722 3826 der
740 3770 933 3826 reformiertan
945 3770 1098 3839 theologam
1111 3768 1264 3840 sngefbhrt

114 3860 236 3915 werden.

183 3949 201 4001 2
220 3949 246 4002 S.
266 3947 307 4002 br.
326 3966 354 4001 n.
373 3947 417 4000 44.

183 4036 201 4089 3
221 4035 342 4101 Pfanser,
362 4054 382 4090 s.
401 4037 444 4091 br.
463 4053 490 4090 u.
509 4036 577 4090 616.

182 4126 199 4176 4
219 4123 308 4178 Titel:
344 4124 384 4179 De
403 4123 492 4177 usuris
514 4141 548 4178 ex
568 4121 653 4177 verbo
672 4121 722 4177 Dei
741 4122 884 4193 appendix
903 4139 936 4176 ex
955 4121 1036 4186 libro,
1054 4135 1138 4190 quem
1157 4118 1261 4190 Wollg.

115 4210 253 4266 lduscnlus
278 4212 391 4281 scripsit
414 4211 443 4264 iu
463 4210 587 4267 Psalmos
609 4211 691 4272 1558,
720 4211 773 4264 mit
797 4210 875 4264 einer
893 4208 1008 4264 rorrede
1027 4223 1080 4260 rou
1100 4206 1220 4276 Verger;
1241 4224 1262 4259 s.

116 4298 419 4367 Qmsffimffl
