2768 4740
114 281 184 338 resa
220 244 222 251 ’
659 287 720 349 325

192 458 332 530 Princeps
345 456 469 529 Optime,
490 472 561 529 opus
576 454 631 515 Dei
651 454 706 514 iuit
727 459 827 529 procul
849 458 945 529 dubio,
966 459 1042 535 quod
1063 461 1110 520 isti
1131 462 1189 518 200
1210 461 1262 519 flo-

111 563 176 623 reni
196 561 305 622 tuerint
322 562 353 620 in
375 564 586 634 eleemosynam
607 562 699 634 missi;
722 569 767 623 est
781 563 857 622 enim
872 561 981 624 referta
996 570 1058 624 tota
1077 564 1190 624 eraetia
1212 566 1262 625 tali

111 666 308 729 munificentia
329 671 359 726 et
379 667 497 740 pietate,
519 673 550 726 et
570 669 656 727 cessit
678 684 734 727 non
756 669 842 728 modo
857 671 887 728 iu
901 686 1033 743 magnam
1043 670 1099 729 Dei
1114 677 1144 730 et
1155 670 1262 730 Christi

112 774 235 847 gloriam
256 772 343 849 (quod
364 770 498 847 affirmo),
520 773 573 831 sed
593 789 692 832 ornnes
715 791 765 833 eos
780 775 903 848 populos
922 775 1095 835 mirabiliter
1114 774 1212 835 affecit
1232 782 1262 835 et

112 878 256 938 continuit
274 879 305 936 iu
325 875 436 949 officio;
459 893 547 950 quare
568 878 592 936 si
614 895 690 937 nunc
709 880 937 952 supervenirem,
959 879 1054 938 omnia
1075 885 1172 938 esseut
1191 879 1261 938 mihi

112 980 191 1043 factu
211 980 351 1042 faciliora.
622 1061 626 1068 Δ

192 1087 223 1145 Si
243 1086 415 1157 rideremus,
437 1087 612 1145 voluntatem
635 1087 689 1145 Dei
712 1105 767 1146 nou
789 1105 865 1161 esse,
887 1088 964 1160 quod
985 1092 1099 1162 egomet
1120 1106 1212 1149 essem
1232 1091 1261 1148 in

114 1191 238 1251 Galliam
257 1192 361 1262 iturus,
383 1192 528 1249 mitterem
550 1198 692 1265 nepotem,
714 1194 762 1265 qui
782 1210 846 1252 mea
862 1195 970 1267 scripta
984 1200 1045 1252 tum
1060 1181 1263 1254 christianissi-

112 1314 167 1355 mae
189 1297 305 1369 reginae,
327 1301 387 1352 lum
410 1295 594 1354 serenissimo
609 1296 748 1356 Navarra
764 1301 826 1370 regi
837 1297 969 1371 afferret3
992 1299 1042 1358 sed
1057 1298 1109 1359 liat
1130 1300 1261 1360 voluntas

112 1401 245 1473 Domini,
273 1417 443 1475 quamquam
465 1416 577 1472 possem
599 1409 715 1473 egomet
735 1410 836 1475 postea
857 1402 943 1462 etiam
964 1404 995 1461 iu
1017 1403 1156 1475 Galliam,
1184 1413 1262 1479 post·

113 1520 199 1578 quam
221 1519 266 1562 me
288 1520 323 1562 ex
344 1503 457 1562 Rhatia
484 1503 686 1577 extricassem3
713 1505 754 1562 ibi
775 1505 906 1578 profecto
927 1507 1012 1567 video
1032 1527 1077 1568 me
1099 1526 1155 1568 nou
1176 1510 1262 1569 modo

112 1606 242 1667 futurum
264 1625 316 1681 per
336 1608 447 1682 aliquot
467 1624 580 1666 menses
601 1610 711 1681 utilem,
732 1611 782 1670 sed
805 1613 1014 1671 necessarium:
1043 1614 1084 1673 sic
1104 1615 1180 1673 enim
1202 1618 1261 1675 exi-

117 1713 220 1786 stimo,
239 1715 372 1773 etmulti
393 1715 422 1772 in
443 1715 556 1774 eraetia
577 1716 756 1790 existimaut3
783 1717 835 1776 sed
855 1718 919 1777 dico
940 1720 1054 1790 iterum,
1076 1719 1125 1780 liat
1147 1721 1262 1781 Domini

116 1819 268 1892 voluntas,
289 1819 463 1893 exspectabo
484 1820 688 1880 illustrissima
710 1821 897 1882 Celsitudinis
917 1824 1029 1882 Vestrae
1051 1824 1262 1899 litteras,·qui·

115 1924 168 1983 bus
191 1924 328 1996 dignetur
347 1922 524 1996 siguificare,
555 1926 706 1998 placeatne
726 1926 803 1985 istud
825 1943 918 1986 meum
940 1928 1102 2000 consilium,
1133 1946 1170 1988 au
1190 1947 1261 2002 nou;

111 2029 168 2087 siae
187 2030 325 2088 hactenus
346 2036 413 2088 sunt
424 2030 583 2101 tutissimae,
605 2029 669 2088 dico
682 2029 830 2102 hacteuus,
852 2033 920 2106 quia
933 2031 1016 2090 multi
1030 2039 1163 2092 metuunt
1176 2007 1263 2106 heila,

112 2141 146 2192 ut
167 2133 266 2193 Caesar
286 2134 422 2209 quasdam
443 2135 506 2206 eius
526 2151 616 2207 arces,
638 2152 703 2209 quae
724 2144 791 2196 sunt
811 2136 887 2195 circa
905 2153 971 2196 eum
991 2142 1124 2210 tractum,
1145 2140 1263 2212 muniat,

112 2254 217 2312 magua
237 2255 301 2297 cum
322 2239 448 2297 omnium
468 2240 659 2300 admiratione
681 2246 711 2299 et
731 2242 904 2314 suspicione.
945 2240 1121 2302 Commendo
1146 2261 1190 2302 me
1217 2262 1263 2305 re·

113 2347 249 2402 verenter
269 2342 473 2403 Illuslrissimae
495 2343 667 2402 Celsitudini
681 2345 803 2403 Vestrae.
840 2345 930 2404 Pater
949 2345 1077 2404 coelestis
1097 2352 1203 2418 augeat
1222 2347 1265 2405 iili

111 2462 180 2505 suos
208 2446 320 2505 divinos
349 2448 515 2517 thesauros
542 2447 675 2520 spiritum
703 2452 732 2506 et
760 2447 845 2507 fidem
872 2464 925 2520 per
946 2449 1090 2509 Christum
1118 2449 1263 2509 dominum

113 2557 253 2611 nostrum.

192 2672 333 2746 Tubingae
354 2672 391 2732 28
411 2672 543 2732 ianuarii
568 2674 650 2731 1562.

348 2796 550 2856 illustrissimae
571 2795 759 2854 Celsitudinis
779 2795 890 2856 Vestrae
910 2796 1034 2854 servitor

1019 2899 1184 2971 Vergerius.

136 3098 142 3110 Ι
186 3030 481 3101 Randbomerlrungen
499 3046 554 3085 von
574 3031 621 3085 des
640 3029 757 3099 herzogs
776 3028 865 3082 hand:

185 3138 204 3174 a
221 3119 327 3174 Placet.

187 3206 205 3260 b
224 3206 288 3260 Hab
306 3205 352 3261 die
371 3208 387 3259 3
405 3204 552 3260 schreiben
571 3205 664 3260 sambt
682 3203 859 3260 demeselben
879 3203 935 3257 ime
955 3201 1089 3272 Vorgerio
1108 3200 1264 3272 gesandten

114 3291 326 3363 enntpfangen,
352 3291 485 3348 schickhe
504 3291 559 3347 ime
579 3291 629 3345 das
647 3291 805 3355 schreibsn‚
828 3307 858 3345 so
877 3289 1024 3359 Philippus
1043 3287 1179 3344 Gallicius
1197 3289 1266 3343 Ver·

113 3380 193 3451 gorio
212 3380 328 3450 gethan,
349 3380 549 3434 widecumbeu.
590 3379 660 3434 Wass
678 3396 728 3449 eye
747 3379 800 3433 mir
818 3377 977 3441 schreiben,
1004 3377 1069 3432 hart
1087 3394 1117 3432 er
1136 3376 1192 3432 auti
1211 3367 1288 3432 den
1329 3388 1333 3394 '

112 3465 215 3536 copion
235 3465 284 3520 der
302 3467 319 3520 8
338 3465 483 3521 schreibeu
502 3465 641 3522 hiensbon
667 3484 700 3519 zu
724 3482 892 3529 vernemen,
921 3482 964 3520 wa
991 3482 1020 3519 er
1044 3463 1209 3519 bottschefft
1232 3482 1266 3518 uu

112 3555 180 3610 inan
201 3554 277 3618 hott,
307 3553 389 3609 mollo
407 3571 437 3608 er
455 3554 568 3609 darauff
583 3571 634 3624 per
652 3553 799 3624 generalia
822 3555 1035 3622 anntwurtten,
1062 3551 1120 3606 und
1146 3550 1266 3607 wiewoll

112 3643 258 3698 Johannes
279 3641 423 3697 Fabricius
443 3642 593 3698 Montanus
612 3641 641 3695 in
661 3641 764 3697 seinem
783 3639 928 3695 schreibeu
947 3639 1024 3695 aines
1043 3638 1162 3702 buscha,
1187 3655 1217 3693 so
1236 3655 1266 3694 or

114 3729 169 3784 mir
188 3728 322 3785 echichhe
341 3730 476 3802 moldnng
494 3730 590 3794 thuet,
612 3729 668 3784 hab
686 3728 731 3784 ich
749 3727 855 3784 solches
874 3728 918 3782 nit
936 3726 1139 3798 enntpfangen.
1176 3724 1266 3779 Psaltz

113 3819 165 3874 der
183 3817 333 3882 churidrst,
352 3818 455 3890 herzog
474 3818 658 3888 Wolffgang‚
679 3816 837 3888 marggraff
854 3816 935 3872 Oarle
954 3833 1009 3870 ron
1028 3814 1124 3869 Badeo
1141 3812 1201 3867 und
1220 3811 1265 3867 ich

114 3907 208 3962 haben
228 3906 282 3960 den
302 3905 407 3963 Reticis
425 3906 590 3978 geaohriben
609 3906 667 3960 und
684 3923 732 3976 syo
758 3906 795 3960 ad
820 3905 1008 3961 constantiam
1029 3900 1190 3963 vermandt,
1216 3898 1266 3952 dar

113 4012 163 4064 syo
181 3994 255 4049 auch
275 3995 320 4049 nit
339 3995 392 4049 den
411 3993 467 4065 pali
487 3994 612 4051 hostibus
630 3994 771 4064 evangelii
791 3992 894 4064 wolton
914 3991 1018 4062 geben,
1045 3988 1103 4042 und
1120 3986 1223 4042 wieder
1241 3986 1266 4040 ir

113 4084 261 4137 anutwurt
279 4081 399 4137 horuber
418 4083 571 4139 erwarttet.
599 4081 688 4137 Sorill
706 4082 767 4137 sein
785 4079 845 4136 rsiss
864 4081 892 4134 in
915 4076 1101 4134 Franchreich
1120 4074 1266 4144 belangdt,

114 4172 218 4226 martie
237 4169 284 4225 ich
311 4169 433 4241 teglichs
458 4169 563 4226 meires
576 4166 682 4226 hutten
701 4169 852 4224 anhhunfft
870 4184 924 4222 von
944 4166 1008 4220 dem
1026 4161 1117 4233 klinig
1136 4178 1190 4216 von
1208 4160 1267 4216 Ns·

112 4275 205 4322 varra,
227 4274 273 4311 wa
293 4255 348 4312 dan
369 4256 519 4329 Vergerius
538 4257 567 4312 in
587 4256 710 4313 Galliam
729 4256 835 4313 vooiert
854 4253 968 4317 wirdet,
987 4250 1028 4307 als
1047 4249 1093 4304 ich
1111 4249 1186 4303 mich
1205 4265 1265 4303 rer·

116 4344 184 4410 sich,
204 4345 244 4401 ist
255 4346 395 4414 geratten,
415 4345 465 4401 das
477 4361 508 4401 er
520 4345 635 4402 soliiohe
649 4345 782 4401 vocaciou
795 4344 839 4400 nit
851 4340 1010 4411 absohlage‚
1029 4355 1073 4394 wa
1083 4336 1134 4402 nii,
1153 4352 1220 4405 ΠΜ
1238 4350 1267 4389 θῐ
