2768 4740
117 255 188 309 1559
659 265 721 328 209

194 427 281 501 Quod
301 429 338 486 sd
359 430 477 488 tertium
498 432 599 504 scripti
620 432 707 491 vestri
732 441 817 507 ooput
845 436 965 508 attinet,
994 454 1050 497 uon
1081 435 1267 498 recordamur

113 530 306 593 confessionis
326 532 404 605 fidei,
427 551 512 607 quem
533 552 551 594 o
570 538 674 596 comite
695 537 773 596 iulio
794 537 831 597 de
852 538 964 598 'l'hieue
985 540 1060 599 Italo
1082 540 1165 600 nobis
1186 542 1268 599 exhi-

114 637 204 695 bitam
225 637 362 696 scribitis.
404 637 468 708 Qus
487 642 568 712 prins
588 656 645 698 non
667 643 729 699 visu
749 648 780 700 et
800 644 924 716 cognite,
946 651 1070 703 restrum
1092 645 1128 703 od
1149 645 1266 718 petitio·

114 759 179 800 nem
200 743 296 801 minus
316 743 494 815 respondere
515 747 668 816 potuimus.
708 745 792 802 Dntre
817 750 830 803 1
853 746 924 805 Maii
945 763 1020 807 enno
1042 751 1089 806 59.

669 1043 715 1097 83.

420 1167 543 1253 Verger
566 1191 607 1232 en
630 1169 750 1254 herzog
772 1167 957 1252 christoph.

502 1308 652 1382 Thbingou
678 1314 689 1365 1
712 1307 772 1367 Mei
797 1311 880 1367 1559.

186 1438 287 1509 Einige
302 1437 597 1507 bdcherueuiglreiteu,
617 1439 744 1493 wunsoht
757 1438 828 1493 noch
841 1440 992 1508 Augebnrg
1005 1438 1095 1493 reisen
1109 1458 1140 1492 zu
1155 1439 1264 1495 ditrien.

194 1544 389 1603 illustrissime
412 1545 551 1618 Princeps
573 1554 603 1605 et
624 1547 745 1606 Domine
768 1547 889 1606 Domine
911 1546 1156 1605 Clementissime!

194 1648 282 1706 Venit
302 1648 338 1705 ad
360 1666 404 1706 me
425 1649 484 1719 ilie,
506 1666 590 1722 quem
611 1649 723 1708 Vestrre
745 1649 918 1709 celsitudini
939 1649 998 1706 dixi
1019 1666 1065 1708 me
1086 1658 1263 1723 exspectare,

114 1753 163 1823 qui
191 1750 280 1809 vellet
308 1770 352 1810 rue
373 1755 401 1810 in
423 1753 552 1812 Suetium
580 1753 695 1813 ducere.
736 1754 891 1827 Respondi,
922 1771 967 1813 me
998 1755 1075 1812 nolle
1107 1753 1261 1827 quidquem

114 1861 261 1927 statuere,
292 1857 347 1914 uisi
374 1859 454 1927 prius
482 1863 572 1916 totum
599 1874 660 1917 rem
686 1857 831 1917 conferam
858 1875 922 1917 cum
942 1859 1046 1917 Vestra
1067 1857 1262 1926 celsitudiue3

114 1960 209 2018 dimisi
231 1961 384 2034 hominem,
405 1963 453 2035 qni
475 1961 557 2030 dixit
578 1978 610 2021 se
630 1964 667 2020 od
687 1980 733 2021 me
755 1963 916 2021 rediturum
936 1979 989 2035 pro
1010 1946 1173 2035 responso(
1194 1960 1263 2020 Cer·

114 2064 220 2123 dinelis
241 2068 425 2138 Augustanus
442 2069 452 2099 ¹
471 2069 573 2126 librum
596 2067 688 2127 edidit
707 2084 759 2126 suo
780 2068 894 2126 nomine
915 2066 1131 2137 stultissimum,
1157 2065 1264 2124 scheda

114 2171 226 2228 incluse
245 2170 405 2231 continebit
425 2189 511 2230 unum
538 2191 575 2231 ex
601 2171 758 2245 copitibns3
787 2170 863 2230 iiber
889 2176 935 2230 est
962 2171 1120 2243 impressus
1139 2169 1264 2243 Dihngae

114 2276 168 2333 hoc
187 2276 250 2348 ipso
271 2291 356 2343 nouo,
378 2275 479 2335 titulus
500 2286 544 2335 est
566 2276 737 2335 »Tmetetus
753 2276 789 2334 de
805 2274 1001 2333 celebratione
1017 2276 1186 2332 missorum«
1208 2281 1263 2332 eto.

114 2378 185 2437 Fuit
204 2377 251 2437 hic
271 2378 373 2437 doctor
392 2379 517 2438 Jacobns
528 2381 660 2438 Andreas
675 2379 772 2438 Faber
783 2377 803 2448 ³,
824 2380 869 2438 cni
891 2376 967 2450 dedi,
988 2385 1019 2436 ut
1041 2385 1164 2437 exornet
1183 2393 1263 2436 suum

113 2480 312 2551 prefationem
333 2482 363 2540 in
384 2481 455 2541 dnos
476 2485 636 2551 conciones
658 2499 778 2555 quorum
799 2482 892 2540 oltere
913 2487 958 2539 est
978 2480 1014 2539 de
1040 2497 1123 2540 coene
1138 2482 1262 2541 Domini.

193 2586 302 2646 lterum
323 2594 399 2659 peto,
422 2593 454 2645 nt
475 2587 562 2647 liceat
581 2588 660 2659 mihi,
681 2587 784 2647 saltem
805 2604 857 2659 per
877 2592 936 2645 tres
957 2586 1101 2643 duntaxat
1119 2585 1182 2644 dies
1202 2588 1262 2644 Au-

112 2698 204 2764 gustae
232 2709 296 2751 esse
324 2693 493 2753 clanculum.
535 2692 650 2753 Faciem
681 2699 796 2764 temen,
828 2690 904 2765 qnod
929 2691 1035 2750 Vestro
1062 2689 1260 2749 illustrissimo

113 2794 264 2855 eelsitudo
281 2798 417 2870 jusserim
449 2815 500 2868 pro
522 2799 601 2857 nullo
630 2814 694 2856 meo
720 2796 868 2856 commodo
896 2794 1029 2854 desidero
1057 2795 1174 2866 venire,
1207 2792 1259 2851 sed

112 2915 166 2971 pro
186 2901 279 2973 glorio
299 2902 362 2960 Dei.

193 3009 369 3071 Commendo
390 3024 434 3066 me
456 3008 549 3065 eidem
570 3011 747 3065 reverenter.

191 3114 331 3186 Tubingae
352 3112 480 3172 colendis
501 3111 571 3169 Maii
595 3111 678 3168 1559.

1017 3209 1184 3280 vergerius.

665 3475 712 3532 84.
778 3482 783 3487 '

410 3622 536 3709 Verger
557 3644 600 3687 en
624 3622 744 3705 herzog
767 3616 953 3701 christoph.

497 3759 647 3830 Thbingeu
669 3760 687 3815 2
708 3754 768 3813 Mei
793 3755 877 3812 1559.

183 3890 375 3961 Neuigkeiten
393 3905 441 3944 oue
453 3886 584 3957 Englund
602 3884 660 3939 und
673 3882 831 3954 Tdbiugen.
861 3878 1020 3935 Beechwert
1040 3873 1097 3930 sich
1119 3875 1189 3928 iiber
1207 3872 1262 3926 den

114 3990 279 4061 lungsumen
297 3985 385 4041 druch
405 3984 496 4039 seines
514 3982 621 4038 buchee
640 3997 730 4052 gegeu
751 3977 859 4034 Hosius.

185 4219 196 4270 i
216 4217 243 4270 S.
263 4217 302 4269 br.
321 4235 348 4269 n.
367 4216 410 4267 211.

182 4305 198 4357 2
217 4304 243 4358 S.
263 4322 290 4357 n.
313 4306 353 4358 14.

166 4405 259 4457 verger
