2768 4740
121 260 193 344 rasi
664 287 726 348 293

117 454 250 527 nominis,
273 457 321 528 qui
343 451 440 514 lavent
462 452 612 528 evangelio
623 453 641 512 ¹.
682 454 773 528 Spero
795 455 910 524 deinde,
932 455 988 514 ista
1008 454 1159 513 occasione
1180 470 1268 528 agen-

116 559 184 618 dnm
206 576 269 619 esse
290 559 327 619 de
347 559 501 619 concordia
520 560 672 619 sarcienda
692 561 721 618 in
742 560 867 619 articulo
887 559 923 618 de
943 575 1028 619 coena
1047 558 1180 631 Domini,
1203 576 1267 633 qnae

116 682 207 738 nsque
228 663 303 725 adeo
323 665 473 724 commoda
492 667 598 725 nostris
619 667 750 725 ecclesiis
766 664 866 725 lutura
880 671 966 732 esset,
988 680 1073 736 quem
1084 664 1267 724 concordiem

117 772 142 828 si
162 771 264 841 regina
291 776 320 828 et
347 769 451 843 reliqui
478 771 659 844 potentiores
679 771 825 829 voluerint
839 771 959 842 jurare,
992 768 1076 826 valde
1097 774 1175 827 esset
1194 769 1267 827 utile

118 874 255 934 futurum.
286 875 319 932 In
340 891 451 933 summa
469 890 616 946 sperarem
638 889 702 948 ego,
723 877 746 932 si
768 876 797 932 in
817 874 912 934 Gallis
932 889 1008 933 nnnc
1030 888 1123 932 essem
1143 871 1266 945 futurus,

117 992 200 1050 posse
221 976 329 1049 aliquid
350 975 466 1035 allicere
486 977 524 1035 ad
545 977 658 1035 landem
681 976 745 1036 Dei.
788 976 893 1035 Vestra
913 976 1061 1036 (telsitndo
1089 993 1152 1037 cnm
1175 994 1267 1050 nuper

118 1087 195 1141 esset
215 1081 354 1154 Fnliuge,
376 1081 494 1154 dignata
514 1087 558 1139 est
579 1080 647 1139 milri
670 1079 765 1139 dicere
793 1080 830 1156 (si
851 1098 907 1139 non
929 1083 1004 1141 male
1023 1081 1168 1158 intellexi)
1189 1082 1266 1156 qnod

117 1186 214 1244 nullus
234 1185 383 1245 rideretur
403 1186 440 1243 ad
461 1202 510 1244 eas
531 1202 577 1244 res
598 1186 765 1244 tractandas
785 1188 862 1257 alind
882 1188 1013 1260 reginam
1033 1187 1124 1259 magis
1144 1186 1265 1246 idoneus

118 1296 195 1362 (quer
216 1288 321 1346 Vestra
342 1287 401 1346 fnit·
417 1289 581 1364 clementia)
603 1304 687 1359 qnam
708 1305 771 1360 ego.

197 1393 377 1450 Reverenter
405 1391 541 1465 exposui,
566 1407 630 1464 qnae
656 1392 725 1449 milri
746 1391 872 1464 Spiritus
893 1398 1009 1450 sanctus
1031 1393 1077 1467 (ut
1098 1392 1171 1469 dixi)
1199 1410 1265 1468 sng-

118 1498 217 1570 gessit.
264 1496 348 1555 Nunc
377 1497 481 1555 Vestra
509 1494 655 1555 Celsitudo
687 1501 815 1557 statuat.
847 1496 923 1570 quod
951 1496 1094 1570 voluerit,
1125 1496 1265 1572 quidquid

118 1603 193 1659 enim
215 1603 361 1670 statuerit,
383 1600 515 1672 laudabo,
537 1606 672 1674 tanquam
693 1602 840 1659 consilinm
862 1601 987 1674 Spiritus
1007 1602 1108 1660 sancti.

199 1705 323 1764 Paratus
344 1707 429 1779 plane
444 1722 515 1775 suin,
538 1710 661 1779 quatuor
673 1705 766 1764 habeo
780 1697 879 1778 equos,
901 1704 1036 1765 ducerem
1053 1722 1173 1778 mecum,
1195 1712 1266 1778 quot

118 1827 192 1883 opus
213 1808 319 1881 luerit,
351 1826 465 1882 possum
490 1809 587 1867 statim
614 1808 807 1867 conscendere
836 1807 888 1866 true
914 1809 976 1878 ipsa
1001 1808 1081 1866 liora.
1123 1806 1207 1880 Quod
1227 1807 1265 1865 ad

117 1915 314 1974 valetudinem
338 1915 463 1986 attinet,
495 1914 551 1972 lari
578 1917 615 1971 50
642 1912 720 1972 horis
742 1912 913 1986 etamplius
934 1917 963 1970 et
984 1912 1147 1971 stomachus
1168 1911 1263 1968 exla-

113 2020 233 2078 vatione
255 2019 437 2093 (quamquam
458 2020 548 2091 magis
569 2034 604 2076 er
624 2017 787 2091 potatione)
809 2017 911 2077 melius
931 2016 1032 2089 incipit
1045 2015 1153 2075 habere
1167 2031 1265 2089 spera·

113 2139 235 2196 remque
255 2139 300 2181 me
320 2139 404 2195 posse
422 2123 538 2182 labores
558 2122 671 2181 itineris
692 2123 835 2181 sustinere
856 2139 920 2181 cnm
940 2121 995 2180 Dei
1016 2121 1133 2180 auxilio.

197 2229 341 2301 Quantum
368 2230 474 2287 attinet
502 2228 539 2286 ad
566 2228 742 2288 cardinalem
762 2225 914 2285 Mantuae⁸
946 2232 976 2286 et
1005 2226 1032 2284 d.
1055 2226 1230 2298 Delphinum
1243 2224 1263 2297 ',

114 2336 167 2406 qui
188 2350 232 2391 me
252 2333 359 2392 uellent
380 2333 424 2409 (et
444 2332 576 2393 fortassis
595 2331 722 2409 fingunt)
742 2332 914 2392 Tridentum
934 2331 1116 2407 pertrahere,
1136 2331 1266 2405 suspicor

115 2434 185 2494 illos
205 2441 254 2494 aut
274 2452 318 2494 me
340 2452 395 2493 non
417 2443 584 2505 vocaturos,
612 2443 662 2494 aut
683 2437 706 2495 si
728 2433 813 2493 modo
834 2438 1014 2508 vocaverint,
1039 2453 1085 2496 me
1106 2424 1178 2493 nihil
1198 2451 1264 2509 pro·

114 2538 258 2598 l'ecturum
279 2557 341 2598 cum
363 2521 523 2598 hominibus
543 2540 786 2612 arrogantissimis
813 2546 842 2599 et
868 2558 971 2614 magna
999 2541 1115 2600 interim
1134 2541 1265 2615 periente

113 2644 276 2702 subiturum
305 2644 364 2703 illic
393 2645 497 2720 (prope
518 2645 635 2704 ltaliam
658 2628 771 2722 ipsum).
811 2645 943 2705 Tridenti
971 2661 1085 2718 semper
1116 2647 1159 2719 (et
1188 2662 1264 2704 nunc

115 2749 292 2822 praesertim)
323 2755 389 2807 sunt
416 2748 640 2808 innumerabiles
668 2749 742 2807 ltali.
790 2749 872 2809 Nunc
902 2751 1007 2809 iterum
1035 2752 1116 2822 dico,
1147 2750 1265 2808 mandet

116 2853 222 2911 Vestro
243 2853 441 2912 illustrissima
462 2850 619 2923 Celsitudo,
642 2851 780 2925 quidquid
802 2852 926 2925 Spiritus
950 2860 1067 2912 sanctus
1088 2854 1265 2927 suggesserit

114 2956 174 3029 illi,
198 2964 227 3016 et
248 2957 413 3015 mandalum
434 2973 552 3030 sequar,
582 2963 614 3015 ut
634 2972 679 3015 me
699 2956 793 3016 decet.
834 2955 938 3028 Stabo,
960 2956 983 3014 si
1000 2956 1135 3030 jusserit,
1156 2957 1218 3027 ibo,
1239 2959 1264 3016 si

108 3065 248 3134 jusserit,
270 3069 320 3121 aut
342 3079 417 3120 nunc
437 3067 487 3121 unt
508 3063 621 3135 quando
642 3062 776 3121 voluerit.
819 3062 872 3120 Vix
894 3078 1010 3136 possum
1031 3069 1166 3134 nepotem
1188 3079 1264 3121 nunc

113 3186 132 3226 a
153 3185 199 3227 me
221 3168 361 3241 dividere,
382 3174 443 3226 tum
464 3174 585 3241 propter
605 3169 663 3226 alia
683 3167 823 3240 quiedam,
845 3174 906 3226 tum
927 3182 1011 3239 vero,
1040 3167 1116 3240 qnod
1137 3167 1263 3226 nondum

113 3274 201 3344 plene
221 3272 394 3333 absolverim
415 3273 528 3341 librum,
550 3287 635 3345 quem
655 3271 734 3330 soleo
755 3270 866 3329 dictare
887 3271 949 3344 ipso
970 3269 1142 3342 excipiente.
1173 3269 1264 3329 Ditis·

114 3393 176 3434 ram
197 3376 235 3434 ad
256 3377 340 3434 aliam
369 3377 567 3446 occasionem,
599 3390 656 3448 qna
681 3374 763 3432 illum
791 3375 877 3433 liceat
904 3375 933 3432 in
959 3374 1080 3432 Galliam
1106 3374 1263 3434 dimittere.

116 3483 326 3554 Argumentum
347 3479 422 3552 libri,
445 3495 528 3558 quem
549 3495 609 3551 prae
630 3478 762 3537 inanibus
783 3477 891 3549 habeo,
914 3483 972 3550 est,
1002 3479 1078 3552 quod
1099 3495 1157 3539 non
1177 3479 1262 3539 modo

116 3587 326 3645 recusationem
347 3585 461 3644 corrrilii
482 3582 670 3655 Mantuani⁴,
699 3583 751 3640 sed
776 3583 871 3642 omnia
892 3585 994 3656 etiam,
1021 3601 1085 3659 quoe
1109 3600 1191 3660 papae
1211 3602 1263 3660 per

679 3707 694 3739 ’i

188 3804 201 3856 1
222 3801 405 3864 Unbelrunnt,
425 3817 485 3857 wen
505 3800 611 3870 Verger
628 3799 719 3855 demit
737 3800 835 3856 meiat.

186 3888 247 3944 28.
267 3907 294 3944 ιι.
313 3889 357 3944 88.
415 3942 420 3953 ,

183 3976 247 4031 33.
266 3994 292 4030 ιι.
313 3977 372 4032 110.

184 4066 201 4119 4
220 4064 246 4119 S.
266 4082 291 4118 n.
313 4065 370 4120 126.
410 4065 440 4119 [ιι
458 4066 552 4134 Serup.
571 4082 592 4118 s.
611 4066 653 4119 112.
672 4082 700 4118 n.
721 4065 770 4120 106
790 4065 859 4120 wird
877 4065 939 4120 eine
957 4063 1057 4118 schrift
1076 4063 1194 4132 Vergers
1212 4079 1260 4117 an·

112 4151 242 4224 gefdhrt:
263 4150 463 4221 Comparation
480 4151 536 4207 trel
557 4139 676 4208 coneilio
689 4151 843 4208 Basilisses
862 4170 877 4207 e
895 4152 914 4206 il
928 4148 1100 4206 Tridentino.
1130 4150 1187 4204 Aua
1199 4150 1262 4205 dem

112 4240 171 4295 bad
190 4240 219 4293 in
240 4239 408 4308 depingen
427 4239 460 4294 21
480 4240 541 4296 om.
563 4241 638 4304 1561,
663 4240 810 4295 vielleioht
833 4240 870 4294 ist
890 4239 948 4293 dies
966 4238 1012 4293 die
1032 4236 1092 4292 hier
1111 4235 1263 4300 erethriis,

111 4326 171 4397 egl.
190 4326 265 4383 euoh
283 4325 324 4380 br.
345 4345 370 4380 ιι.
394 4327 449 4383 130.
472 4327 530 4381 131.
550 4328 609 4384 132.
631 4327 687 4381 134.
709 4328 767 4384 135.
789 4327 846 4382 111.
869 4327 927 4383 142.
