2768 4740
662 294 721 354 361

663 542 726 598 165.

418 662 542 747 Verger
565 683 607 726 au
631 662 752 748 herzog
776 661 963 748 Chrisboph.

441 783 592 858 'l'dbingen
615 786 651 841 27
674 783 845 856 September
868 785 951 842 1562.

191 895 332 950 Beriehlet
351 895 444 966 einige
463 897 645 967 neuiglreiien
669 915 719 953 eus
747 897 810 951 dem
838 896 926 952 concil
947 896 1004 950 und
1024 897 1115 967 fregi,
1147 896 1198 953 wie
1219 899 1269 953 der

120 992 222 1061 herzog
241 991 337 1047 seiuen
356 992 447 1048 hellen
470 994 634 1049 vsi-wenden
656 992 745 1049 nolle.
832 993 835 998 ’

197 1090 395 1149 illustrissime
416 1091 556 1165 Princeps
576 1097 606 1150 et
629 1092 749 1150 Domine
772 1091 893 1174 Domine
916 1091 1156 1150 clementissime!

199 1195 276 1251 Ante
297 1193 407 1266 aliquot
428 1210 531 1262 annos,
559 1193 611 1252 sub
632 1194 709 1253 Julio
731 1195 840 1254 scilicet
861 1195 903 1253 111
919 1194 942 1264 ¹,
964 1195 1096 1254 Tridenti
1117 1197 1268 1270 episcopus
1364 1192 1368 1200 '

119 1297 256 1354 Curensis
278 1297 368 1355 italus
388 1298 494 1356 avulsit
515 1304 625 1372 partem
642 1297 739 1356 barbae
753 1301 885 1372 episcopo
899 1299 1141 1371 Mellepotenenai
1156 1299 1268 1373 Graec,

118 1416 221 1473 magno
244 1417 306 1459 cum
329 1401 388 1459 risu
410 1409 440 1460 et
460 1400 596 1459 seeiidalc
612 1389 756 1471 ¹omnium
789 1418 862 1460 rrurre
891 1416 958 1459 nero
986 1400 1164 1474 significalur
1190 1403 1268 1472 mihi,

119 1506 196 1581 quod
224 1506 375 1580 episcopus
402 1505 518 1580 quidam
543 1506 686 1579 hispanus
718 1507 863 1566 coinseruit
893 1523 1008 1566 manum
1036 1525 1099 1565 curn
1133 1509 1267 1581 episcopo

120 1612 281 1669 Veronensi
313 1629 347 1668 ex
378 1610 515 1683 primaria
542 1613 569 1668 in
601 1611 749 1684 republica
771 1612 884 1670 Veneta
910 1612 1124 1671 Trinisauornun
1149 1611 1266 1679 familia.

120 1718 297 1789 impegitque
319 1716 360 1772 illi
382 1733 498 1787 gratem
519 1715 648 1786 alapam,
678 1732 766 1789 spirare
788 1715 879 1775 bonus
899 1718 1075 1776 Veronensis
1096 1723 1176 1775 tanto
1197 1735 1267 1776 moe·

118 1837 185 1880 rure
207 1820 325 1880 affectus
346 1821 408 1891 fuit,
430 1828 461 1878 ut
482 1821 557 1879 iutra
578 1822 763 1895 paucissimos
785 1821 848 1880 dies
873 1830 993 1881 mertem
1015 1821 1135 1892 obierit,
1158 1838 1265 1896 pugua-

122 1943 183 1983 rem
206 1927 295 2000 igilur
315 1924 476 1984 Tridentini
498 1932 594 1998 patres
616 1925 722 1983 habent
741 1926 872 1997 spiritum
893 1934 1031 1985 sanetum.

109 2100 111 2105 ,
200 2028 384 2103 significatur
405 2030 481 2103 mihi,
503 2032 618 2105 evagari
641 2047 693 2102 per
713 2031 825 2089 ltaliam
845 2031 948 2090 librum
976 2039 1076 2090 centra
1104 2049 1148 2090 me
1176 2033 1266 2105 scrip-

116 2135 201 2194 tum'
221 2135 357 2194 mandatu
379 2135 480 2207 Papa,
502 2136 565 2208 quie
587 2152 641 2194 uon
663 2142 846 2209 stciuacetur,
868 2137 1033 2208 licere-legi
1055 2136 1143 2194 libros
1164 2144 1264 2195 centra

116 2256 168 2298 noa
190 2240 339 2313 scriptos·,
361 2239 411 2298 scd
433 2256 489 2298 non
510 2241 598 2299 licere
618 2245 730 2299 nostras
745 2242 956 2312 responsiones,
979 2249 1086 2314 quatita
1102 2241 1147 2300 liic
1157 2241 1266 2314 ineptia

115 2350 204 2417 atque
226 2343 353 2418 injuria?
379 2343 479 2418 Spero,
501 2362 556 2403 non
579 2345 728 2405 defuturas
750 2347 819 2416 nias,
842 2346 946 2420 quibus
967 2347 1071 2421 possim
1094 2361 1173 2406 meos
1193 2362 1264 2419 quc·

115 2464 172 2523 que
194 2448 308 2508 libellos
330 2449 481 2521 evulgare,
511 2465 566 2508 nen
597 2449 702 2509 desunt
728 2449 795 2508 boni
816 2451 914 2522 amiei;
944 2451 1061 2509 interim
1081 2468 1136 2524 ago
1157 2451 1265 2523 gratias

114 2553 189 2626 Dec,
211 2552 288 2627 quud
311 2551 417 2624 Papam
438 2553 583 2626 potuerim
603 2552 639 2610 ad
660 2553 839 2612 iracundiam
862 2570 1050 2612 ccmrncvere.

195 2657 337 2730 Exspecto
364 2673 512 2731 responsa,
537 2675 601 2729 qnae
626 2658 728 2716 Vestra
749 2657 946 2718 illustrissime
967 2656 1116 2716 Celsitndu
1146 2658 1264 2730 dignata

114 2770 161 2821 est
180 2762 251 2820 mihi
270 2761 400 2835 polliceri
422 2762 458 2821 de
480 2762 563 2821 libris
583 2763 655 2821 meis
675 2762 704 2819 in
725 2779 783 2820 uiro
806 2768 883 2821 icmc
909 2762 1107 2836 imprimendis
1120 2761 1145 2828 ⁸,
1172 2770 1200 2820 et
1227 2762 1287 2847 de·

114 2871 236 2940 nepote,
257 2883 319 2924 cum
342 2883 398 2940 quc
419 2867 543 2937 contuli,
566 2867 633 2940 quid
655 2867 691 2925 de
713 2883 747 2924 eo
768 2868 876 2941 cogitet
897 2863 1094 2925 Illustrissima
1115 2866 1263 2926 Celsitudo

115 2969 261 3033 Vestra‘:
283 2971 342 3027 sive
362 2969 451 3042 igitur
472 2966 689 3027 Franefcrdiam
710 2967 753 3026 illi
774 2969 945 3028 veniendum
966 2971 1018 3033 sit.
1040 2972 1100 3029 sive
1120 2972 1178 3028 elic
1199 2973 1262 3030 mit·

114 3073 228 3141 laudus,
250 3073 376 3143 obediet,
398 3081 428 3132 ut
449 3090 517 3131 sane
539 3073 641 3142 debel3
664 3075 720 3132 imc
742 3073 863 3132 dixerim
876 3074 1006 3148 amplius,
1029 3075 1105 3149 quud
1121 3077 1146 3134 si
1159 3075 1263 3148 aliquis

113 3180 151 3236 sit
173 3179 201 3235 iu
223 3178 346 3238 Galliam
373 3177 530 3236 mittendus
559 3177 813 3253 (quemadmodum
847 3178 882 3236 da
914 3195 959 3236 mc
988 3182 1050 3252 ipsc
1075 3181 1262 3239 constitutam

60 3356 66 3366 ,
113 3282 212 3342 fuerat
230 3282 415 3357 aliquando),
443 3300 486 3340 me
513 3300 569 3341 una
594 3300 657 3342 eum
684 3282 735 3341 illc
755 3291 886 3355 paratum
908 3301 981 3351 esse,
1003 3301 1114 3342 omnem
1135 3284 1262 3343 laborem

112 3395 201 3461 etque
223 3388 310 3446 etiam
330 3388 487 3461 periculam
509 3387 634 3446 libenter
654 3387 751 3447 subire
772 3406 825 3461 pro
840 3390 933 3461 gloria
949 3390 1011 3455 Dei,
1033 3396 1120 3461 atque
1143 3396 1174 3447 ut
1194 3389 1262 3448 Illu-

113 3493 261 3552 strissimae
282 3491 453 3551 celsitudini
477 3492 586 3551 Vestra
608 3510 668 3551 rem
689 3500 801 3566 gratam
823 3493 937 3560 faciam,
959 3493 1076 3553 iriaudet
1096 3494 1190 3565 modo,
1212 3510 1262 3552 ne·

115 3615 172 3672 que
194 3598 270 3657 enim
292 3596 442 3655 defuturus
463 3613 535 3662 suni,
554 3603 641 3669 atque
663 3597 739 3656 idem
762 3615 813 3669 pro
835 3599 897 3671 ipsc
915 3605 1021 3672 nepote
1038 3598 1157 3657 offirmo.
1180 3599 1262 3657 Gom·

114 3814 186 3870 nach
206 3814 361 3869 b‘rankfurt
378 3815 507 3873 berul'en:
534 3814 606 3869 denn
635 3815 699 3868 dart
718 3814 800 3869 sollte
820 3813 996 3871 Maximilian
1020 3833 1080 3868 aum
1107 3813 1261 3869 rbmieehen
1355 3834 1359 3845 ’

113 3901 203 3970 klinig
221 3901 342 3957 erwlthlt
359 3901 478 3964 werden,
499 3902 554 3955 und
575 3902 677 3973 herzog
694 3901 841 3972 christoph
862 3903 942 3958 hatte
961 3902 1024 3959 eehr
1042 3901 1097 3960 niel
1116 3902 1186 3956 deae
1205 3899 1262 3956 bei·

113 3991 267 4060 gebragen‚
297 3989 352 4044 dall
380 3990 454 4045 dieue
481 3987 553 4043 wahl
578 4007 611 4042 zu
636 3990 737 4045 stende
763 3990 882 4045 kcmme.
919 3990 945 4044 S.
963 4008 990 4043 n.
1012 3989 1067 4043 197.
1105 3987 1210 4059 Kugler
1227 3987 1262 4049 11,

114 4076 166 4130 ate
184 4075 214 4130 ff.

186 4167 195 4218 1
220 4163 312 4219 Julius
330 4164 378 4228 111,
397 4166 481 4234 papa
500 4180 553 4217 von
575 4165 642 4218 isac
661 4163 704 4218 aa
719 4129 798 4220 'issa

183 4253 201 4304 2
219 4250 245 4304 S.
264 4269 292 4304 n.
312 4251 369 4304 152.

183 4340 201 4394 3
219 4339 246 4392 S.
264 4355 292 4393 a.
312 4338 362 4394 166
380 4337 438 4393 und
457 4340 541 4394 icco.
