2768 4740
96 264 186 355 ¹tlte
661 303 723 365 419

114 476 313 540 numerentur,
335 474 421 542 prout
441 468 618 542 aliquamdiu
639 473 783 530 numerati
802 470 929 545 inerunt,
950 483 1000 533 aut
1019 480 1051 532 at
1066 472 1265 534 serenissimus

113 590 166 631 rex
186 589 248 631 rem
270 577 359 630 totam
381 571 542 644 intelligat:
574 589 638 631 nam
664 575 719 649 ipsi
741 575 884 649 vergerio
910 576 1021 651 aliquot
1046 582 1161 636 eentum
1190 576 1264 636 deti·

114 686 221 736 nentur
241 680 270 734 iu
292 677 373 736 curia
394 675 443 751 (at
460 678 596 753 diximus)
611 677 816 748 ministrorum,
839 690 868 737 et
882 681 1040 739 oonsultum
1059 676 1263 753 existimamus,

113 791 147 840 ut
168 800 220 841 sua
233 782 385 855 Majostas
407 798 472 855 quae
490 783 650 854 jnstissima
671 790 726 854 est,
745 798 807 842 rem
819 792 974 856 cognoseat
987 784 1026 860 (si
1040 784 1187 861 videram
1208 801 1265 858 qua

113 887 276 963 quidemin
298 901 330 943 re
353 884 466 944 facietis
489 887 570 944 nohis
590 903 652 944 rem
671 894 792 959 gratam,
813 886 878 945 aliis
899 889 1005 947 nostris
1025 887 1181 962 laventus,
1202 888 1263 947 uhi·

113 1005 236 1062 cumque
262 990 430 1060 poterimus,
452 989 698 1062 compensandam.
730 990 784 1049 Est
809 992 884 1048 enim
908 991 984 1048 idem
1005 992 1161 1064 Versserius
1186 1008 1264 1051 sere·

113 1094 232 1152 nissimo
254 1094 317 1166 regi
338 1093 501 1151 mirandum
521 1093 550 1149 in
571 1093 686 1151 modum
707 1093 843 1166 affectus,
869 1094 973 1167 dignus
997 1097 1095 1170 itaque
1121 1097 1203 1155 nobis
1222 1098 1262 1155 n·-

116 1198 214 1266 detur,
236 1199 318 1270 eujus
339 1198 415 1255 ratio
436 1197 586 1255 habeatur.
628 1198 718 1257 Volet
760 1199 865 1258 Datum
886 1205 942 1258 eto.

184 1298 400 1368 Eigenhtndige
419 1299 573 1354 resolution
593 1298 643 1354 des
661 1299 791 1371 heraogs:

185 1384 242 1441 Soll
260 1386 319 1440 also
338 1386 503 1455 ingrossiert
523 1385 631 1441 werden
647 1386 693 1441 dio
713 1387 884 1450 ahesohrifft,
903 1389 956 1443 soll
976 1389 1031 1458 bey
1050 1389 1154 1444 seinem
1167 1391 1264 1444 diener

115 1474 226 1528 eriaren
246 1474 370 1538 werden,
401 1473 454 1527 wie
478 1472 527 1528 der
552 1472 662 1543 legatus
682 1471 781 1538 hoilie,
807 1477 864 1530 und
882 1475 935 1530 soll
956 1475 1106 1546 Vergerius
1123 1477 1172 1531 ain
1190 1476 1261 1531 olein

113 1559 224 1615 hrieflin
244 1559 413 1630 geschriben
433 1558 555 1623 werden,
574 1558 625 1613 das
642 1559 689 1614 ioh
706 1561 743 1615 ad
764 1548 866 1630 petitia
885 1561 971 1632 ipsius
991 1561 1041 1617 dus
1059 1561 1208 1618 sohreiben
1226 1579 1261 1616 an

113 1647 167 1701 den
187 1645 393 1702 fmnzosisohen
414 1647 571 1716 gesandten
590 1647 772 1718 geferttiget,
802 1647 923 1703 welches
946 1648 992 1702 ioh
1017 1650 1072 1704 inre
1096 1650 1190 1705 sembt
1215 1649 1263 1704 des

113 1734 293 1790 ambassaten
312 1733 459 1788 schreibsu
479 1733 580 1787 hiemit
597 1734 790 1789 widerumben
809 1736 983 1792 ausohiclrhe.

655 1989 722 2045 205.

424 2109 549 2195 Verger
573 2131 616 2175 an
638 2111 757 2196 herzog
779 2108 964 2196 christoph.

490 2239 640 2313 Tabingen
664 2244 700 2298 14
719 2240 780 2300 Mai
802 2243 888 2300 1564.

184 2358 220 2412 Er
246 2358 319 2412 hahe
342 2358 440 2414 seinen
469 2359 563 2414 neiien
592 2359 664 2416 naoh
692 2359 767 2415 Ohur
791 2357 951 2431 'geschiolrt
996 2358 1187 2415 Naohriohtem
1214 2377 1263 2416 aus

115 2453 273 2511 Kamthen.

193 2554 391 2613 illustrissime
411 2553 551 2626 Princeps
571 2558 602 2610 et
622 2551 745 2610 Domine
765 2552 887 2611 Domine
909 2551 1154 2613 clementissime!

194 2656 266 2717 llum
287 2673 380 2731 nuper
400 2656 561 2716 inlibatis
581 2670 717 2715 versarer
735 2662 766 2714 et
786 2656 929 2723 riderem,
956 2671 1003 2713 me
1022 2654 1151 2729 inoipsre
1172 2671 1262 2728 egro·

115 2768 189 2833 tare,
211 2763 338 2835 surripui
358 2777 403 2819 me
425 2767 456 2820 et
476 2761 560 2820 valde
581 2761 674 2832 timui,
695 2775 732 2818 ne
752 2759 916 2832 periculosa
930 2757 1171 2834 essetaegritndo.
1192 2759 1263 2819 cum

114 2865 276 2938 Tnhingem
295 2866 489 2939 pervenissem
506 2871 537 2923 et
549 2864 721 2938 quievissem
738 2863 957 2936 aliquantulum,
978 2863 1079 2922 videor
1099 2863 1168 2922 mihi
1187 2864 1262 2922 saui-

114 2975 206 3028 tatem
225 2985 413 3043 recuperasse
434 2970 500 3044 (per
520 2969 577 3028 Dei
595 2967 743 3044 gratiam).
784 2967 841 3026 Sed
868 2984 932 3025 oum
958 2966 1156 3040 poenituisset,
1184 2966 1261 3040 qnod

114 3073 276 3147 Tubingam
295 3075 458 3145 rediissem,
488 3074 613 3146 cogitavi
634 3071 832 3132 demittendo
853 3088 917 3131 meo
938 3077 1043 3146 nepote
1064 3070 1186 3131 Aurelio
1207 3071 1262 3130 (lu-

115 3179 188 3236 riam
211 3177 379 3236 Rhaetorum
401 3194 506 3251 nsque,
535 3184 567 3236 ut
587 3177 715 3248 videret,
736 3176 805 3250 quid
826 3182 977 3248 ageretur,
1008 3181 1039 3234 et
1064 3190 1179 3234 eausam
1206 3192 1263 3234 non

115 3280 280 3354 desererem
311 3283 375 3341 misi
394 3282 494 3355 itaque
515 3281 593 3340 illum
614 3296 697 3338 mane
710 3279 728 3352 ¹,
750 3280 799 3353 qni
826 3279 923 3338 videat
948 3284 979 3337 et
999 3275 1086 3337 laniat
1106 3294 1170 3337 meo
1190 3279 1263 3350 loeo,

114 3403 180 3460 quse
200 3388 323 3459 poterit3
351 3403 521 3461 quamquam
543 3387 620 3445 euim
640 3401 695 3443 nou
716 3385 754 3442 sit
776 3383 912 3455 multum,
933 3383 1010 3456 quod
1031 3383 1139 3456 possit,
1166 3388 1263 3442 mmen

113 3510 172 3551 non
193 3494 302 3566 poterit
322 3510 378 3551 non
399 3492 553 3564 prodesse,
575 3490 652 3564 quod
672 3490 788 3563 aliquis,
816 3487 865 3562 qui
886 3478 1035 3559 negotium
1055 3491 1148 3558 amat,
1172 3486 1264 3546 intar-

113 3597 229 3670 reuiat,
250 3596 488 3672 quemadmodum
510 3611 595 3669 spero
616 3595 652 3653 de
672 3592 808 3661 Aurelio,
835 3591 967 3666 proderit
985 3606 1086 3665 spero,
1117 3589 1187 3650 lieet
1206 3605 1263 3649 uon

112 3703 153 3762 sit
173 3717 301 3762 neeesse.

195 3807 330 3866 Intellexi
352 3823 370 3865 a
389 3806 523 3865 fidelibus
543 3805 652 3864 nuntiis
673 3809 702 3863 et
724 3800 827 3872 nortis,
853 3801 967 3860 missam
994 3799 1083 3858 inisse
1105 3801 1264 3873 projectum
1362 3851 1363 3855 ,

112 3928 234 3983 prorsus
253 3912 283 3970 in
304 3911 407 3971 uralam
427 3927 488 3970 rem
508 3926 545 3969 er
567 3909 686 3980 villaco,
708 3903 891 3967 Olnmlurto'
906 3911 947 3962 ‘et
966 3905 1151 3974 Kirehemor,
1179 3918 1263 3975 spero

685 4049 701 4082 *

187 4165 200 4218 l
221 4163 257 4217 ur
275 4164 341 4219 ham
361 4161 427 4229 Juni
446 4161 548 4217 wieder
566 4160 676 4216 aurllok.
713 4160 739 4214 S.
758 4176 785 4212 n.
805 4159 864 4213 206.
882 4157 944 4211 207.
963 4155 1022 4209 208.
1041 4155 1100 4210 tot.

186 4250 203 4303 2
225 4250 308 4305 Wohl
327 4249 504 4321 Klagenhrrt.
542 4248 624 4305 Siehe
644 4246 712 4303 dher
731 4245 808 4300 disse
827 4240 1049 4312 angeleganheit
1068 4239 1124 4293 nnd
1145 4239 1264 4306 vergere

112 4335 187 4392 reise
206 4336 322 4392 dorthin
342 4355 369 4392 n.
387 4337 448 4392 208.

1005 4426 1070 4483 (ῃῆ
