2768 4740
117 262 188 318 1562
661 272 723 332 337

114 435 219 494 mendo
241 453 287 496 me
308 439 512 497 illustrissima
529 437 699 497 celsitudini
714 440 827 499 Vestrae
845 458 985 517 perquam
1005 451 1183 506 reverenter.
1205 447 1266 506 Has

112 539 228 599 litteras
249 543 333 601 mitto
353 542 390 601 ud
412 541 542 600 dominos
560 543 920 618 consulesLindavienses
942 564 977 607 ac
997 564 1052 606 rron
1076 556 1119 607 est
1140 549 1267 622 dubium,

113 646 182 719 quin
202 649 260 705 sint
280 663 332 720 per
351 646 527 720 peculiarem
547 654 577 706 et
591 647 706 706 fidelem
721 650 852 708 nuntium
867 653 990 710 missuri.
1022 651 1052 710 Si
1067 653 1135 727 quid
1150 655 1266 713 interim
1331 678 1343 683 ··

112 752 220 809 Vestra
238 752 438 811 illustrissima
458 750 605 810 Celsitudo
627 752 750 811 voluerit
771 753 807 811 ad
836 770 881 813 me
910 753 1073 814 litterarum
1102 756 1188 829 dure,
1219 750 1270 817 vei

114 856 214 915 mittat
240 856 411 915 Lindaniam
442 855 487 913 ael
516 861 597 914 recta
624 855 758 928 Curiam3
790 874 845 929 ego
869 859 982 932 siquid
1010 859 1122 920 habebo
1149 862 1267 934 Quum

113 961 281 1034 scriptione,
302 960 424 1021 scribam
446 961 603 1033 diligenter
624 966 654 1018 et
673 962 834 1035 peculiares
854 964 965 1022 mittam
984 965 1108 1024 cuncos.
1136 967 1190 1025 Hre
1206 983 1266 1026 om-

112 1081 166 1123 nes
186 1066 317 1124 ecclesiae
337 1073 442 1139 rogant
454 1065 569 1124 assidue
582 1082 635 1139 pro
648 1065 845 1125 illustrissima
861 1067 1041 1128 celsitudine
1054 1070 1167 1141 Vestra,
1190 1072 1266 1144 qnod
1358 1144 1361 1149 ⁶

113 1169 235 1229 affirmo.
269 1170 358 1229 Pater
378 1171 504 1230 coelestis
524 1178 631 1242 augeat
651 1171 855 1230 illustrissimae
877 1173 1047 1232 Celsitudini
1066 1174 1178 1233 Vestra
1199 1192 1266 1234 suos

115 1275 228 1334 divinos
249 1276 410 1348 thesauros,
431 1276 564 1349 spiritum
585 1280 615 1333 et
635 1275 720 1335 fidem
742 1293 794 1350 per
806 1276 951 1336 Christum
964 1278 1109 1338 dominum
1127 1287 1265 1339 nostrum.

194 1400 301 1457 Datum
323 1399 419 1457 curiae
439 1398 609 1458 Rhaetorum
629 1402 666 1457 27
688 1399 735 1458 die
757 1401 856 1458 Martii
881 1403 964 1458 1562.

344 1514 550 1572 illustrissimae
572 1514 758 1574 Celsitudinis
780 1515 892 1575 Vestrae
917 1517 1040 1573 servitor

1019 1617 1187 1690 Vergerins.

660 1878 723 1934 153.

420 1997 544 2084 Verger
567 2020 610 2062 an
632 1998 750 2084 hermog
774 1997 961 2084 christoph.

526 2129 606 2188 Cluui·
627 2134 644 2189 6
665 2133 748 2203 April
772 2134 856 2191 1562.

188 2243 332 2301 Berichtet
351 2248 490 2302 ahermals
509 2248 577 2304 iiber
590 2249 666 2304 aeine
679 2250 758 2315 reise,
779 2252 849 2307 inber
861 2252 906 2306 die
918 2252 1101 2323 uustheilnng
1113 2254 1163 2308 der
1175 2254 1226 2308 200
1240 2253 1266 2308 il.

114 2343 173 2396 und
191 2343 322 2398 ermahnt
340 2343 489 2414 dringeud,
507 2362 608 2415 negem
627 2347 676 2402 der
693 2352 775 2417 ptsse
794 2346 839 2401 ein
857 2345 985 2400 bonomo
1004 2347 1058 2401 mit
1077 2346 1266 2403 Graublinden

113 2456 146 2491 zu
166 2437 321 2494 schliessen.
358 2440 549 2496 Nachrichten
569 2459 632 2496 vom
651 2446 736 2512 papst
755 2443 811 2496 und
831 2441 928 2498 concil.

195 2535 392 2595 illustrissime
412 2539 550 2612 Princeps
571 2545 601 2597 et
624 2540 744 2599 Domine
765 2540 888 2598 Domine
910 2539 1152 2599 clementissime!

195 2640 303 2712 Scripsi
323 2648 390 2701 antu
412 2651 522 2716 septem
543 2644 614 2715 dies,
635 2661 680 2704 me
702 2645 768 2721 (per
783 2644 835 2704 Dei
855 2644 992 2719 gratiam)
1008 2642 1124 2703 curiam
1140 2644 1267 2703 llhretia·

112 2763 179 2803 rurn
200 2746 361 2818 advenisse,
383 2763 438 2804 non
460 2749 522 2807 sine
542 2765 646 2820 magno
663 2748 791 2820 periculo
807 2748 852 2822 (ut
869 2755 1012 2822 sumptum
1029 2751 1159 2808 omittam
1179 2755 1266 2822 atque

113 2849 287 2927 lahorem)⁸.
336 2850 405 2908 cnm
435 2853 510 2908 enim
538 2851 707 2910 Lindavinm
734 2851 946 2924 pervenissem,
977 2850 1115 2910 monebar
1141 2867 1158 2909 a
1183 2851 1267 2909 bonis

114 2952 255 3013 iratribus
275 2954 502 3014 Glaronensihus
528 2957 652 3027 scilicet,
678 2954 866 3015 curiensibus
892 2962 978 3029 atque
1005 2955 1143 3013 Romanae
1177 2954 1265 3026 urhis,

115 3058 227 3132 Papam
248 3059 318 3118 mihi
340 3060 494 3118 collocasse
514 3059 632 3117 insidias
652 3059 681 3116 iu
704 3059 839 3117 Helvetia
860 3074 949 3132 prope
969 3057 1106 3132 oppidum
1127 3057 1216 3129 Empe
1237 3068 1267 3115 et

115 3165 145 3222 in
168 3164 280 3238 aliquot
300 3164 461 3223 Austriaoae
489 3163 608 3221 ditionis
633 3166 737 3236 terris,
769 3179 840 3236 quas
868 3169 963 3221 tamen
989 3179 1054 3221 cum
1074 3162 1130 3220 Dei
1156 3162 1266 3219 anxilio

115 3285 300 3341 superassem
320 3276 408 3343 atque
428 3270 593 3340 oscensem,
614 3270 775 3341 praesertim
797 3269 873 3342 apn'd
894 3269 1029 3343 oppidum
1048 3267 1152 3340 Emps3
1173 3272 1269 3326 trans-

115 3375 156 3433 iri
183 3375 261 3433 enim
290 3376 371 3443 inde,
399 3375 452 3434 hoc
479 3382 524 3433 est
551 3391 604 3447 per
635 3360 794 3434 convallem
815 3390 905 3446 prope
927 3373 1058 3432 Rhenum
1087 3371 1268 3432 tnercatoriis

116 3480 246 3539 restibus
265 3480 392 3552 indutus,
412 3481 441 3538 in
463 3496 572 3564 summa
593 3481 670 3538 evasi
691 3481 728 3538 ad
750 3479 805 3538 Dei
827 3479 956 3551 glorium.
998 3477 1061 3536 Hoc
1080 3478 1181 3551 scripsi
1196 3477 1214 3534 ¹.

195 3585 280 3643 Nunc
300 3601 364 3658 quae
385 3583 495 3643 inerint
515 3591 677 3657 consecuta,
699 3584 831 3643 scribam.
863 3584 978 3643 Domini
999 3581 1141 3655 consules,
1162 3581 1268 3639 domini

116 3692 242 3751 ministri
264 3697 295 3749 et
314 3691 420 3763 reliqui
440 3690 594 3750 Dorienses
614 3689 721 3749 iratres
746 3705 791 3747 une
819 3695 951 3747 amanter
978 3694 1008 3746 et
1036 3686 1192 3746 christiane
1219 3703 1268 3745 ex·

116 3792 285 3869 ceperuntl,
307 3798 356 3869 qui
377 3811 476 3854 omnes
496 3793 626 3867 prolecto
647 3800 744 3852 amant
764 3798 851 3865 atque
872 3792 1025 3851 observant
1047 3791 1179 3850 Vestram
1199 3789 1268 3847 iliu·

115 3901 287 3961 strissimam
309 3900 517 3960 celsitudinem
542 3905 689 3973 orantque,
710 3915 762 3972 pro
790 3914 825 3956 ea
846 3898 1011 3969 diligenter.
1053 3895 1160 3966 Accepi
1181 3894 1268 3952 etiam

115 4006 231 4065 litteras
252 4005 288 4064 ab
308 4003 440 4064 omnibus
458 4001 519 4062 iere
540 4002 597 4059 illis
619 4001 761 4073 evangelii
782 4001 922 4059 ministris
939 3999 1055 4069 italicis,
1078 3999 1106 4055 in
1128 4011 1199 4068 qnos
1212 3993 1269 4052 init

690 4126 705 4157 ἡ

190 4223 202 4274 i
224 4222 253 4275 S.
276 4238 303 4275 n.
326 4221 384 4274 152.

169 4325 266 4378 verger
