2768 4740
114 284 182 341 1558
662 291 721 350 179

113 457 238 516 liliorum
259 460 289 516 in
311 458 434 530 linguam
456 457 596 514 Slnvicam
607 455 625 513 ¹.
665 455 730 514 Non
752 461 796 514 est
817 455 949 526 dubium,
980 460 1048 532 quin
1068 459 1098 514 in
1118 456 1175 514 illis
1195 473 1262 529 pro·

111 560 214 618 vinciis
238 561 296 619 sint
316 576 420 632 magna
443 561 527 617 initia
548 575 624 616 verae
650 558 780 630 pietatis;
809 559 880 617 illud
910 576 978 618 vero
1003 560 1142 633 imprimis
1168 561 1263 629 lando,

112 665 188 736 quod
211 680 311 723 omnes
331 663 483 737 (quantum
504 666 585 735 potui
605 662 686 720 brevi
708 667 838 734 tempore
867 663 980 737 videre)
1011 670 1078 722 sunt
1105 665 1263 723 concordes

111 768 139 825 in
162 768 295 827 omnibns
316 769 454 836 articulis,
475 784 569 840 neque
591 769 641 825 ulli
662 769 777 825 sectarii
800 776 948 841 apparent.
990 769 1068 827 Dens
1082 786 1140 838 ¹eos
1160 772 1189 827 in
1212 769 1263 827 tali

112 879 189 930 statu
212 879 372 931 conservet.
404 871 438 929 l).
456 871 651 944 Volphangus,
672 871 742 930 baro
763 872 799 929 ab
821 874 1001 945 Auspergen,
1023 873 1167 946 migravit,
1189 873 1264 930 bona

114 976 296 1035 confessione
318 977 405 1046 edita,
427 975 464 1033 ad
486 977 648 1033 Dominum.

190 1081 339 1152 Nusquam
360 1078 415 1137 luit
436 1095 559 1152 nuquam
581 1084 662 1136 tanta
679 1081 707 1137 in
724 1081 786 1152 pios
801 1081 974 1152 persecutio,
996 1086 1103 1154 quanta
1123 1098 1199 1139 nunc
1219 1085 1263 1139 est

115 1187 143 1243 in
164 1184 268 1256 Istria,
290 1184 385 1256 patria
405 1200 469 1240 mea
490 1189 520 1241 et
539 1183 569 1240 in
590 1183 668 1240 Foro
688 1183 783 1255 Julio,
814 1200 916 1256 nempe
937 1184 965 1240 in
989 1185 1098 1241 ditione
1119 1184 1146 1242 d.
1168 1183 1263 1242 Vene-

114 1294 219 1345 torum.
261 1287 336 1358 Quid
358 1285 477 1344 multis?
517 1286 681 1358 Rapiuntnr
711 1288 739 1342 in
769 1302 914 1345 carcerem
943 1288 1148 1359 consanguinei
1176 1292 1264 1361 atquc

112 1391 162 1450 alii
184 1392 241 1448 mei
262 1391 364 1462 amici,
397 1391 537 1449 duntaxat
558 1390 625 1463 quia
650 1392 805 1449 noluerunt
833 1408 877 1449 me
908 1392 1050 1463 invisere,
1082 1409 1146 1450 cum
1172 1408 1265 1464 nuper

113 1512 206 1554 essem
228 1497 258 1553 in
278 1496 336 1554 illis
363 1493 531 1552 confinibus.
574 1494 652 1553 Deus
680 1495 821 1568 reprimat
848 1496 927 1554 illam
956 1501 1065 1554 tautam
1086 1495 1264 1553 Venetorum

113 1600 233 1670 rabiem,
256 1617 322 1673 qnae
342 1605 436 1658 tanren
459 1616 514 1657 non
537 1605 614 1658 esset
634 1607 724 1667 tanta,
746 1600 769 1657 si
792 1617 846 1658 nou
867 1616 885 1658 a
906 1600 986 1672 Papa
1006 1599 1223 1660 accenderetur.

193 1704 348 1776 Exspecto,
370 1710 402 1762 ut
418 1703 614 1761 illustrissima
626 1702 773 1762 celsitudo
784 1704 889 1762 Vestra
909 1704 1044 1778 dignetur·
1064 1703 1209 1774 mandare,
1233 1709 1264 1761 ut

116 1810 283 1866 remittatur
303 1809 372 1866 milri
393 1806 508 1865 libellus
529 1823 613 1865 rnanu
635 1806 757 1880 scriptus
773 1808 809 1865 dc
824 1811 909 1866 missu
923 1818 1025 1866 autore
1041 1808 1068 1866 d.
1080 1807 1264 1881 sigismundo

117 1912 227 1971 barone
248 1928 265 1969 a
285 1912 447 1970 Dietristan
460 1910 479 1982 ²,
501 1927 586 1984 quem
607 1918 673 1969 ante
695 1912 805 1982 aliquot
826 1912 888 1970 dies
909 1911 971 1970 misi
993 1929 1136 1970 ariacum
1153 1911 1264 1984 judicio

115 2017 247 2088 ejusdem
268 2014 440 2074 Celsitudini
463 2015 583 2073 Vestrae.
623 2015 697 2074 Nam
725 2017 748 2072 si
770 2015 917 2074 videbitur
944 2015 1063 2088 dignus,
1092 2017 1139 2088 qni
1166 2016 1264 2086 impri-

115 2128 221 2192 matur,
242 2119 315 2178 bene
337 2119 468 2192 quidem,
490 2120 532 2176 siu
555 2121 656 2191 minuc,
678 2120 829 2177 dimittam.

192 2225 228 2282 D.
251 2222 424 2294 Phausems,
445 2223 620 2281 serenissimi
641 2224 720 2296 regis
740 2223 929 2282 Maximillam
951 2222 1144 2296 concionator,
1166 2239 1197 2280 se
1218 2238 1265 2280 re-

117 2336 254 2388 verenter
278 2330 391 2387 Vestrae
411 2327 619 2386 lllustrissimae
650 2328 821 2387 (lelsitudini
850 2329 1040 2387 commendat.
1082 2327 1166 2399 Quod
1196 2324 1266 2386 lacit

114 2449 229 2507 quoque
250 2432 277 2490 d.
298 2430 492 2503 Scalichius⁸,
514 2431 551 2490 ad
577 2450 662 2505 quem
682 2432 758 2490 idem
780 2433 979 2491 serenissimus
1000 2449 1052 2490 rex
1073 2450 1165 2506 nuper
1184 2433 1266 2492 dedit

113 2540 228 2596 litteras
249 2537 485 2609 gratiosissimus,
506 2537 562 2593 imo
584 2536 663 2595 misit
683 2537 771 2595 ctiam
791 2538 974 2609 pensionem,
996 2537 1049 2593 hoc
1070 2543 1115 2594 est
1134 2538 1192 2594 300
1212 2535 1265 2594 tlo-

113 2657 216 2713 renos,
244 2657 315 2714 qnos
343 2641 398 2713 ipsi
425 2639 585 2698 discedenti
605 2640 787 2711 promiserat.
829 2639 916 2698 Certe
936 2640 1052 2698 videtur
1072 2656 1137 2698 eum
1159 2656 1265 2697 amare.

191 2745 280 2804 Mitto
300 2762 395 2804 meum
416 2752 549 2819 nepotem
570 2744 608 2803 ad
628 2747 732 2817 aulam,
754 2751 866 2803 tantum
887 2750 920 2802 ut
940 2745 1046 2816 videat,
1067 2761 1104 2802 an
1123 2743 1261 2802 Illustris-

112 2853 186 2910 sima
206 2849 357 2910 celsitudo
378 2849 481 2908 Vestra
501 2850 638 2925 dignetur
658 2849 817 2908 concedere
838 2848 884 2920 id,
912 2849 988 2923 quod
1009 2850 1039 2907 in
1060 2848 1173 2907 inclusa
1193 2864 1259 2919 sup·

113 2954 272 3029 plicatione
301 2954 474 3012 continetur.
523 2953 692 3013 Certissima
720 2951 850 3026 affirmo,
881 2954 991 3010 nullum
1021 2952 1109 3011 alium
1137 2952 1264 3011 futurum

115 3073 198 3117 usum
220 3057 319 3117 talium
340 3058 504 3115 litterarum
524 3059 694 3130 patentium,
715 3074 800 3131 qnam
821 3064 854 3117 ut
874 3058 980 3116 eximat
1000 3072 1031 3115 sc
1052 3074 1070 3115 u
1089 3072 1192 3129 magno
1213 3054 1265 3113 ali-

117 3177 173 3236 quo
195 3160 263 3218 vitae
284 3160 422 3232 periculo,
444 3160 520 3233 quod
542 3166 661 3233 propter
681 3160 852 3232 religionem
873 3159 948 3218 forte
969 3161 1141 3219 incurreret.
1173 3159 1264 3231 Spero

116 3266 192 3324 enim
214 3264 291 3321 lnnnc
310 3280 405 3322 meum
425 3271 560 3336 nepotem
581 3281 645 3324 esse
666 3264 780 3322 fidelem
803 3272 832 3322 et
853 3264 982 3336 probum,
1004 3264 1079 3323 addo
1095 3266 1182 3322 etiam
1198 3281 1266 3337 pru·

116 3369 243 3440 dentem,
264 3375 403 3439 quantum
429 3375 500 3426 aetas
526 3370 646 3441 patitur.
689 3368 863 3427 Commendo
889 3385 934 3426 me
963 3375 1133 3427 reverenter
1153 3367 1265 3426 Vestrae

116 3473 312 3532 Dominationi
332 3471 549 3530 Illustrissimae.

195 3602 334 3673 Tubingae
355 3602 402 3660 die
426 3605 461 3660 16
482 3600 561 3659 Junii
582 3616 657 3659 anno
681 3603 765 3659 1558.

274 3724 461 3783 Celsitudinie
482 3725 593 3783 Vestrae
614 3724 819 3783 Illustrissimae
840 3723 1110 3781 observantissimus

1020 3843 1186 3915 Vergerius.

676 3957 692 3990 fl

189 4047 201 4098 l
223 4043 286 4115 Vgl.
305 4062 333 4098 n.
353 4047 396 4098 15.

187 4135 203 4186 2
223 4132 287 4200 Vgl.
306 4149 332 4185 n.
352 4131 395 4184 64.

188 4220 204 4272 3
222 4218 289 4287 Vgl.
310 4236 336 4271 n.
355 4221 398 4272 (il.
