2768 4740
663 496 710 553 92.

415 627 539 713 Verger
561 649 603 692 an
626 626 745 712 herzog
768 625 952 710 Christoplr.

484 758 634 830 Tdbingen
658 761 694 816 10
714 758 774 817 Mai
798 759 881 816 1560.

179 877 296 933 Schickt
313 878 364 932 das
381 877 695 948 glaubenabelreuubniss
713 879 763 934 dea
781 877 881 948 gratem
899 877 990 932 Julius
1007 893 1061 966 yon
1075 876 1181 932 Thiene
1199 877 1258 931 und

111 976 243 1028 mneuert
260 975 306 1030 die
324 975 399 1030 bitte
417 992 464 1029 um
482 974 675 1045 vernendrmg
695 974 739 1029 fiir
757 973 854 1030 minen
872 971 963 1029 netlen
982 972 1119 1028 Aurelius

188 1078 386 1139 Illustrissime
407 1082 546 1157 Princeps
567 1091 597 1141 et
619 1084 740 1142 Domine
762 1085 884 1142 Domine
906 1083 1154 1143 clementissime!

190 1186 298 1256 Accepi
318 1194 487 1245 reverenter
497 1188 610 1246 Vestrre
625 1187 830 1247 Illustrissimae
845 1187 1032 1247 Celsitudinis
1051 1186 1174 1258 litteras,
1195 1203 1260 1261 quse

110 1287 168 1344 dno
190 1291 285 1361 capita
306 1290 507 1362 continebant,
529 1292 654 1371 alterum
674 1301 737 1351 erat
759 1292 796 1351 de
817 1292 914 1365 legato
935 1291 1039 1364 gallico
1052 1291 1077 1363 ¹,
1104 1308 1190 1364 quem
1209 1291 1260 1349 illa

110 1401 196 1463 putat
216 1394 368 1461 simulare,
396 1397 472 1469 quod
494 1405 599 1456 nustrae
619 1398 754 1472 religioni
776 1398 849 1456 bene
871 1398 956 1463 velit,
984 1397 1107 1454 alterum
1135 1396 1171 1453 de
1192 1412 1259 1453 cun·

112 1494 237 1553 sessione
258 1495 340 1567 fidei,
368 1514 454 1569 quam
475 1499 502 1556 d.
524 1515 619 1557 comes
639 1498 734 1557 Julius
753 1515 771 1557 a
791 1497 924 1557 Thiene⁸
943 1499 1147 1558 illustrissimis
1169 1499 1257 1559 Celsi·

111 1599 206 1658 tudini
226 1600 337 1659 Vestroe
358 1601 495 1661 exhibuit.
538 1603 620 1674 Quod
651 1603 689 1662 ad
715 1603 853 1676 primum,
880 1602 951 1661 nibil
980 1603 1120 1676 estquod
1140 1620 1259 1678 respon·

113 1705 213 1777 deum3
244 1706 335 1778 cedo,
367 1723 422 1765 non
443 1715 597 1779 putassem,
626 1706 754 1767 hemines
782 1724 844 1767 esse
865 1714 924 1765 tarn
943 1708 1048 1768 malos:
1080 1725 1122 1765 vae
1141 1707 1204 1780 illi,
1235 1710 1260 1766 si

112 1809 229 1869 simulat
252 1811 282 1866 in
309 1828 342 1869 re
370 1818 465 1883 tanta,
493 1810 588 1870 udbuc
608 1811 672 1870 volo
693 1827 811 1884 sperare
832 1811 942 1884 aliquid
962 1811 1038 1870 boni.
1078 1812 1145 1884 lpsa
1164 1820 1261 1871 autem

113 1913 176 1972 dies
196 1914 350 1973 veritatem
369 1912 579 1985 manifestabit,
610 1930 647 1973 an
667 1930 771 1973 renem
791 1914 846 1973 iste
866 1915 991 1975 simulet.
1031 1917 1114 1986 Quod
1134 1917 1172 1976 ad
1192 1933 1259 1976 con·

111 2017 266 2077 sessionem
286 2018 400 2090 attinet,
421 2020 504 2078 mitto
525 2019 700 2092 exemplum3
722 2018 836 2078 dixerat
855 2025 924 2078 tunc
940 2019 1046 2078 Vestra
1062 2019 1261 2079 illustrissima

112 2123 287 2195 Dominatio,
309 2140 371 2181 cnm
392 2140 447 2183 non
469 2122 524 2181 sibi
535 2122 705 2195 displicere·
726 2122 924 2197 (considerata
943 2121 1083 2196 qualitate
1103 2123 1259 2200 personia).

112 2227 166 2284 Est
197 2228 273 2285 enim
302 2227 411 2286 indocti
438 2226 561 2284 hominis
587 2224 748 2293 confessio,
779 2224 831 2283 sed
858 2223 983 2284 discerni
1010 2233 1123 2298 potest,
1156 2244 1260 2288 cuma

112 2330 218 2389 Vestra
238 2329 417 2390 confessione
438 2347 494 2388 non
515 2329 682 2389 abhorrere.
723 2328 806 2386 Hanc
818 2336 911 2388 ‘certe
931 2329 1014 2390 multi
1035 2332 1135 2391 exules
1154 2333 1260 2405 panim

111 2433 188 2504 itali,
209 2436 314 2508 partim
335 2434 421 2507 Galli,
443 2436 491 2507 qni
512 2434 562 2492 din
582 2434 708 2493 Genese
727 2434 932 2502 substiterunt,
953 2435 1079 2494 libenter
1097 2437 1262 2510 acciperent

111 2545 200 2612 atque
220 2538 288 2596 inde
309 2539 424 2599 abirent
444 2539 491 2615 (ut
509 2539 596 2598 audin
617 2556 653 2597 ex
673 2539 779 2598 litteris
800 2539 827 2596 d.
849 2539 981 2615 comitis).
1013 2540 1098 2598 Esset
1115 2541 1259 2614 agendum

112 2659 178 2702 cum
196 2644 255 2701 illis
275 2644 467 2715 peculiariter,
488 2642 562 2703 facie
577 2643 738 2715 adfaciem,
759 2651 790 2702 et
804 2660 904 2703 eorum
918 2645 1090 2703 sententiam
1106 2645 1260 2719 diligenter

113 2749 274 2822 exquirere.
321 2749 390 2820 Quis
410 2748 478 2822 scit,
504 2749 528 2805 si
549 2748 687 2806 Dominus
708 2762 760 2818 per
780 2749 833 2805 hoc
852 2747 978 2806 medium
998 2748 1068 2807 velit
1087 2748 1169 2807 uobis
1189 2765 1254 2808 eon·

113 2853 219 2912 cedere
239 2854 318 2912 illam
333 2853 514 2912 concordium
528 2853 558 2910 in
573 2851 710 2924 ecclesiis,
729 2868 813 2925 quam
829 2859 969 2927 optumus.
1001 2853 1142 2925 Dignetnr
1153 2854 1258 2913 Vestra

113 2957 264 3017 Celsitudo
285 2959 412 3030 cogitare
434 2963 465 3016 et
485 2973 578 3029 orare,
600 2972 664 3014 cum
684 2956 722 3013 sit
742 2956 890 3030 negotium
911 2955 1026 3016 Christi.

192 3063 293 3135 Nuper
316 3063 345 3118 in
373 3062 503 3121 Thermis
531 3060 629 3120 ferinis
650 3060 808 3133 supplicavi
833 3060 941 3134 aliquid
969 3078 1023 3133 pro
1050 3079 1107 3121 nnn
1134 3079 1170 3121 ex
1190 3063 1262 3121 meis

112 3167 265 3239 nepotibus
275 3169 296 3235 ὓ,
318 3175 349 3224 et
367 3166 474 3225 Vestra
493 3166 691 3226 illustrissima
711 3163 861 3224 Celsitudo
883 3164 1003 3238 dignata
1024 3173 1082 3238 est,
1112 3165 1181 3224 mibi
1202 3166 1260 3225 cle·

111 3279 227 3330 menter
247 3271 437 3343 respondere,
469 3276 501 3328 nt
521 3269 620 3328 darem
640 3267 694 3326 sibi
715 3285 751 3327 ea
771 3268 807 3327 de
828 3284 861 3326 re
880 3270 1062 3338 memoriale,
1089 3269 1165 3343 quod
1186 3285 1263 3329 nuuc

112 3376 230 3435 tandem
251 3377 342 3436 mitto.
383 3375 502 3435 Utinam
531 3391 566 3433 ea
591 3375 684 3448 primo
704 3389 818 3448 qnoque
839 3380 971 3448 ternpore
992 3373 1030 3433 ad
1051 3373 1263 3433 serenissimum

113 3481 259 3539 Bchemiae
279 3479 400 3553 regem·
419 3481 516 3539 mittet
535 3486 623 3553 atque
642 3478 807 3538 intercedat
820 3479 918 3553 aliqua
933 3476 1094 3538 efficaciore
1109 3478 1263 3538 verborum
1293 3516 1298 3523 ·

112 3583 213 3656 torma,
235 3602 271 3643 nc
292 3592 389 3659 neget,
410 3586 484 3659 quod
506 3585 624 3658 petitur.
656 3584 739 3656 Quod
754 3600 807 3659 per
821 3583 1056 3656 Christnmrogo.
1088 3580 1263 3641 Commendo

113 3705 158 3748 me
179 3696 350 3750 reverenter
369 3690 482 3749 Vestrae
501 3688 707 3749 Illustrissimae
728 3689 917 3757 celsitudini,
948 3689 1027 3748 Deus
1052 3687 1096 3745 illi
1115 3685 1192 3745 adsit
1211 3702 1263 3745 sno

112 3796 225 3868 spiritu.
266 3796 329 3866 Ego
351 3795 426 3853 dorni
447 3795 574 3853 libenter
593 3809 712 3854 manens
733 3795 836 3854 saltem
856 3791 990 3866 precibus
1011 3791 1048 3850 do
1068 3806 1200 3864 opernm,
1231 3796 1262 3846 nt

680 3925 722 3956 Γ

185 4031 198 4083 1
219 4026 360 4091 Morillac,
382 4025 434 4080 mit
452 4027 517 4081 dem
539 4027 644 4096 Vcrger
662 4026 691 4079 in
712 4024 856 4095 Leuingen
874 4019 1175 4091 zusammengetroffeu
1193 4037 1260 4075 war.

114 4112 437 4168 &mefflffld

184 4201 415 4255 28mmffi

182 4288 416 4345 deam&
