2768 4740
115 438 184 501 ω’
203 440 235 501 io
269 457 339 502 mes
368 441 519 510 tumninio,
546 447 576 499 et
607 454 706 499 omnes
731 442 761 498 in
793 438 934 511 evangelii
961 437 1167 512 propogstioue
1189 435 1270 496 Isbo·

114 559 246 604 mremue
266 544 318 606 dIs
338 551 493 620 uootuque.
535 547 576 604 At
595 547 621 603 si
640 544 678 603 ob
698 546 825 618 aliquem
844 559 958 602 ouusem
974 542 1146 602 Gslsituiiui
1158 542 1270 602 veens

115 662 173 708 nou
191 646 362 722 rideretur,
390 664 436 709 me
462 665 539 709 nuno
558 651 588 707 iu
608 649 660 708 illu
679 648 744 708 Iuee
770 648 926 707 eosdemne
945 646 1138 721 Tubmgeusis
1162 645 1270 707 debere

116 766 296 824 comperero,
318 769 378 812 uon
398 767 502 811 reeuso
521 754 618 811 vivere
639 754 668 811 in
689 751 787 826 eiiquo
807 756 973 810 eorummet
992 752 1055 809 vieo
1075 751 1218 822 solitus-io,
1239 754 1271 810 et

116 855 234 916 nitere
260 855 302 932 (si
329 858 374 917 itu
387 857 515 916 -sidetur
541 855 724 931 eonsultum).
765 855 838 914 Dum
865 855 972 928 possim
1002 854 1107 914 endere
1132 855 1270 928 presenti

118 958 211 1019 furori
231 965 264 1019 et
283 960 399 1020 insidiis
419 976 568 1034 poputum,
589 967 619 1020 et
639 959 706 1018 dom
728 959 862 1032 boboam,
887 959 965 1018 unde
984 974 1031 1017 me
1052 965 1082 1018 et
1102 957 1269 1017 Ismiliolem

116 1062 258 1136 (munitor
278 1062 395 1136 quidem
415 1069 446 1122 et
466 1064 645 1137 evangelice)
676 1063 781 1136 possim
807 1061 886 1120 olere
916 1069 945 1120 et
972 1060 1105 1120 leborure
1125 1063 1154 1120 in
1182 1076 1269 1121 essu·

117 1166 213 1240 guin,
244 1167 359 1240 relique
384 1167 481 1225 omnio
500 1173 664 1238 eumenio,
691 1166 804 1224 etiamsi
826 1166 854 1223 in
876 1165 971 1225 medin
991 1165 1089 1239 siique
1109 1166 1181 1223 silus
1201 1165 1302 1224 mihis

117 1275 194 1330 emet
214 1268 379 1329 uiuendum.
410 1269 483 1329 Peto
496 1272 572 1328 nune
589 1269 744 1341 hospitium
764 1285 798 1328 ee
818 1269 907 1327 ueluti
928 1275 1053 1340 portum,
1075 1269 1105 1326 in
1126 1284 1210 1342 quem
1231 1283 1267 1327 ex

117 1373 171 1432 bue
190 1377 367 1445 mmpsetets
386 1378 417 1430 st
437 1372 566 1446 peritulo
586 1389 697 1430 summo
716 1385 879 1439 reeurrem,
910 1377 940 1428 et
966 1371 1069 1431 suitem
1097 1371 1135 1430 ed
1156 1378 1269 1446 tempus

120 1480 166 1550 tut
184 1475 263 1551 dixi)
283 1481 314 1534 et
333 1475 412 1534 illius
433 1477 547 1535 nomine
567 1483 646 1548 peto,
668 1477 716 1549 qui
738 1475 830 1533 dixit:
873 1476 927 1548 Qui
948 1491 998 1533 vos
1023 1475 1135 1547 recipit,
1156 1491 1201 1535 me
1223 1490 1268 1534 re·

88 1594 92 1599 ·
121 1580 205 1652 cipit,
237 1579 268 1637 id
288 1585 335 1637 est
353 1579 524 1639 Iesuobrieti
546 1580 573 1638 d.
594 1581 684 1638 nostri
706 1581 830 1638 nonnus.
873 1579 976 1638 Vestro
995 1578 1143 1639 Gelsitudo
1168 1579 1269 1652 digne·

119 1689 167 1742 tur
189 1698 244 1755 pro
265 1698 317 1742 sue
337 1681 490 1742 clementio
510 1683 695 1756 respondere,
716 1683 852 1756 quiequid
873 1682 1011 1741 Dominus
1030 1682 1072 1740 illi
1093 1700 1145 1741 sno
1165 1684 1269 1758 spiritu

120 1785 316 1859 suggesserit,
348 1788 377 1844 iu
399 1788 482 1858 enjus
507 1803 592 1845 muuu
623 1803 720 1846 orunoe
751 1804 798 1845 res
828 1792 915 1861 utque
937 1803 1049 1846 omnem
1069 1801 1161 1846 meum
1181 1787 1269 1845 vitum

120 1888 274 1962 eolloeuri3
296 1890 357 1949 sine
378 1890 539 1960 visendum,
560 1892 620 1950 sive
641 1892 819 1950 morIeudum
840 1892 887 1962 sit,
909 1891 1024 1949 Domini
1045 1907 1153 1949 snmus.
1185 1891 1267 1949 Com·

120 1993 225 2053 mendo
245 2009 293 2052 me
313 1994 461 2053 humiliter
480 1994 592 2053 Vestris
613 1994 783 2054 celsitudini
804 2000 835 2054 et
861 1997 972 2067 pietati
1013 1995 1093 2054 Deus
1116 2009 1180 2053 esm
1203 2011 1268 2053 eum

120 2104 180 2158 totu
199 2095 311 2157 fumilin
332 2103 362 2156 et
388 2097 515 2156 dominio
540 2105 635 2157 servet
662 2115 680 2156 n
707 2099 781 2156 meio
808 2113 862 2172 per
880 2100 981 2160 Jesum
1002 2098 1146 2159 GbrIstum
1177 2098 1268 2158 domi·

122 2219 187 2262 oum
208 2207 351 2262 nostrum.
672 2184 678 2193 ’

195 2303 333 2365 Oleneneo
355 2303 439 2363 XVH
459 2305 639 2377 Septembris
663 2308 746 2363 155³.

1023 2413 1187 2487 vergerius.

193 2538 243 2614 (P.
254 2537 300 2616 S.)
320 2539 469 2597 Hnetenue
489 2539 590 2612 nosipsi
603 2539 746 2610 clevenae,
767 2545 868 2611 posteo
879 2540 994 2599 Curium
1003 2539 1168 2599 Bistonum
1191 2540 1265 2613 veni,

120 2653 150 2702 ot
168 2660 217 2702 me
236 2642 354 2718 longius
374 2641 573 2703 subtraherem
593 2643 630 2702 nb
652 2662 687 2702 eo
712 2644 798 2712 urbe,
825 2645 854 2704 Iu
876 2661 934 2719 que
960 2645 1010 2704 ille
1038 2645 1150 2718 legatus
1177 2644 1267 2702 hostis

119 2762 197 2805 ruens
217 2746 342 2806 habitet..
374 2746 548 2805 Incredibile
565 2743 643 2805 dictu
660 2754 714 2814 est,
735 2752 872 2819 quantum
887 2744 956 2806 mihi
976 2749 1014 2806 sit
1034 2743 1172 2815 Intonsos,
1192 2760 1266 2818 pres·

118 2853 216 2910 sertim
237 2868 325 2925 quum
346 2851 452 2911 uiderit
473 2866 518 2910 me
539 2857 690 2924 syntagma
716 2859 746 2911 et
766 2849 973 2912 confessionem
993 2848 1061 2909 fidei
1082 2848 1194 2909 Vestree
1215 2864 1268 2921 per

119 2958 206 3015 totum
226 2954 343 3014 Itulinm
363 2956 512 3028 sparsisse,
534 2957 626 3028 glorie
647 2955 720 3015 Deo.
753 2955 808 3015 Hic
829 2972 883 3029 ego
904 2955 1035 3030 quaedem
1056 2955 1181 3029 negotis,
1202 2968 1266 3029 qum

118 3057 150 3116 sd
171 3056 317 3131 sunngini
339 3058 578 3130 propagationem
599 3059 754 3131 pertinent.
776 3056 940 3131 confinem,
961 3059 1074 3118 iutereu
1090 3058 1197 3119 redibit
1217 3076 1266 3118 ne·

119 3178 167 3235 pos
187 3177 271 3221 meus
293 3178 360 3221 eum
384 3175 523 3234 responso
545 3160 657 3220 Vestro
679 3160 865 3221 Coleitudiuis
885 3162 930 3237 (ut
949 3164 1057 3238 spero).

198 3265 297 3326 Curius
319 3264 487 3324 Rbaetorum
508 3264 635 3324 XXVIII
656 3263 736 3339 Sept.

665 3615 716 3672 bu.

624 3731 765 3821 Beilsge.

181 3840 350 3941 Pipetiiebe
367 3869 523 3925 volimmht
540 3870 584 3925 fur
601 3870 672 3926 Pnul
690 3871 848 3927 Odesoeloo.

188 3964 387 4026 Auctoritas·
407 3967 565 4039 apostolico
586 3971 650 4027 novi
673 3969 766 4029 nuntii
787 3986 846 4028 euae
867 3974 1027 4032 serootitetis
1048 3977 1118 4046 aput
1138 3971 1265 4029 Rbaetos.

180 4203 244 4260 l-S.
264 4201 346 4257 seius
365 4200 605 4259 femiliennotireu
626 4204 667 4259 br.
687 4206 754 4261 iis
773 4205 831 4261 und
849 4206 922 4262 oben
939 4222 960 4257 s.
982 4205 1021 4257 17.

176 4291 194 4345 2
214 4288 276 4343 Der
296 4286 483 4343 memmehe
501 4287 639 4359 gerundis
656 4289 691 4344 ds
709 4288 891 4360 I'Aubetpiue
915 4289 997 4347 butte
1021 4287 1097 4344 disse
1114 4287 1265 4344 morimur·
