2768 4740
115 257 185 311 1562
660 265 720 322 335

111 431 223 501 ploravi
244 429 423 488 dominorum
445 431 594 487 consulum
617 430 849 487 mindonensium
876 445 959 502 opem
987 439 1074 504 atque
1103 433 1264 506 consilium,

112 533 161 605 qni
184 533 212 588 in
234 550 342 590 summa
362 534 585 605 respondebant,
609 535 687 594 nullo
709 535 793 591 modo
814 550 877 591 csse
891 534 958 590 milri
974 536 1066 607 palam
1082 537 1262 608 veniendum,

112 638 164 694 sed
187 639 346 696 clanculum
369 648 398 697 et
419 639 508 696 veluti
529 646 713 710 personatum
735 640 775 713 (si
797 638 881 696 niodo
903 640 1006 697 vellem
1028 643 1165 713 transire,
1188 643 1264 716 quod

113 749 144 800 et
166 760 222 799 non
244 743 389 801 audebant
411 744 590 818 consulere);
614 760 673 800 rem
698 717 773 800 anim
796 759 850 799 non
873 759 972 802 carere
993 762 1097 818 magno
1118 745 1262 819 perieulo;

112 847 229 904 tandem
250 866 302 920 per
325 851 361 905 ro
381 849 443 905 dies
456 848 579 913 substiti,
602 864 705 918 rogans
724 848 825 917 Deum,
847 855 878 904 ut
899 848 966 905 milri
988 849 1091 907 bonnm
1114 851 1261 908 consilium

113 959 294 1024 suggereret,
316 959 486 1023 exspectans
507 954 622 1009 interim
643 952 767 1023 aliquem
784 951 977 1008 cautissimum
995 964 1192 1026 mercatorem
1214 957 1263 1027 qui

113 1058 272 1126 Augustam
293 1058 395 1126 iverat,
417 1055 463 1113 cui
483 1056 577 1112 omitia
599 1060 682 1111 erant
709 1054 814 1111 itinera
835 1054 949 1112 Curiam
977 1073 1066 1128 usque
1097 1058 1262 1129 corripertis-

112 1160 192 1215 sima.
224 1140 318 1231 Quare
340 1176 402 1215 cum
424 1159 597 1226 advenisset,
619 1159 803 1216 mercatorias
824 1165 918 1216 restes
934 1159 1022 1231 indui,
1044 1167 1074 1218 et
1089 1161 1151 1217 sine
1167 1178 1262 1233 curru,

113 1281 198 1336 quem
216 1263 348 1321 Lindarii
369 1264 483 1336 reliqui,
505 1264 562 1320 iter
583 1280 657 1336 equo
677 1264 833 1334 ingressus.
855 1265 940 1322 misso
962 1282 1025 1322 meo
1046 1263 1188 1324 famulitio
1209 1281 1262 1338 per

113 1368 285 1431 Helvetiam,
308 1368 336 1424 in
360 1368 411 1423 llci
435 1369 548 1424 normae
571 1368 698 1439 periculo
721 1386 764 1424 me
787 1367 920 1439 exposni3
952 1369 1071 1427 transivi
1099 1371 1174 1426 enim
1201 1368 1261 1426 lere

113 1490 166 1543 per
190 1474 245 1528 100
265 1488 365 1542 passus
385 1478 452 1528 ante
479 1479 591 1543 portam
619 1475 706 1529 castri
727 1472 831 1543 Emps,
860 1471 964 1528 deinde
992 1490 1044 1544 per
1065 1477 1082 1528 2
1105 1474 1190 1530 lioras
1211 1491 1262 1545 per

112 1578 177 1648 ejus
198 1576 353 1645 ditionem,
375 1576 480 1632 deinde
503 1593 553 1646 por
574 1576 596 1631 F
601 1576 805 1644 eldlrirchinm,
832 1577 984 1648 salsusque
1005 1583 1092 1649 atque
1114 1578 1262 1634 incolumis

114 1679 232 1737 Curiam
255 1679 333 1750 potiri
356 1681 508 1750 pervenire
530 1679 565 1735 ad
589 1679 703 1736 landem
727 1680 794 1749 lloi,
828 1681 872 1736 eni
901 1681 938 1735 sit
959 1680 1050 1737 lronor
1072 1687 1099 1736 et
1121 1682 1213 1752 gloria
1234 1682 1261 1737 in

112 1784 218 1841 secula.

194 1889 308 1946 Summo
337 1887 452 1960 quidem
480 1886 585 1960 gaudio
608 1886 647 1942 lui
669 1892 805 1955 exceptus
826 1902 843 1942 a
864 1885 1092 1957 burgimagistris
1117 1895 1204 1961 atque
1225 1888 1261 1946 ab

112 1993 297 2050 eeclesiarum
319 1993 455 2049 ministris
477 1999 506 2048 et
528 1991 646 2064 reliquis
668 1989 821 2060 fratribus,
844 1997 987 2063 tamquam
1009 1999 1126 2062 ereptus
1147 2009 1164 2048 a
1186 1992 1261 2063 peri-

113 2096 179 2153 culo
202 2112 257 2152 non
280 2097 424 2154 mediocri.
456 2096 609 2166 Incipimus
630 2095 744 2166 quidem
759 2112 820 2152 csse
834 2094 958 2164 solliciti,
980 2111 1036 2166 qua
1048 2096 1159 2153 ratione
1174 2094 1262 2155 luerit

112 2200 149 2256 ad
174 2200 303 2258 Vestram
326 2200 550 2258 lllustrissimam
579 2199 786 2258 Celsitudinern
815 2199 1012 2265 redeundum,
1044 2199 1094 2257 sed
1123 2200 1261 2257 Dominus

112 2305 287 2376 providebit.

194 2411 265 2466 Cum
285 2410 436 2480 audissem,
459 2409 486 2466 d.
508 2409 669 2467 Mattheum
691 2408 881 2480 Cognetium¹
902 2407 979 2481 regis
1000 2408 1157 2466 Galliarum
1183 2409 1261 2482 lega·

112 2519 172 2570 tum
189 2514 399 2572 Solodurumin
413 2515 575 2573 Helvetium
596 2514 714 2584 redisse,
737 2513 837 2587 scripsi
858 2515 954 2570 statim
976 2512 1013 2569 ad
1035 2529 1100 2569 cnm
1122 2520 1151 2569 et
1172 2515 1259 2586 signi·

111 2617 205 2690 ficari,
228 2636 272 2675 me
294 2620 463 2677 ineolumem
484 2620 539 2676 lure
560 2620 680 2688 venisse,
703 2621 801 2692 rogavi
823 2620 918 2687 ctiam,
941 2625 972 2674 ut
994 2619 1101 2688 reginae
1122 2620 1206 2674 matri
1229 2625 1258 2675 et

111 2721 296 2777 serenissimo
310 2719 448 2778 Naronae
469 2720 655 2792 signiticaret,
677 2737 721 2778 mc
744 2738 806 2779 esse
829 2720 904 2793 apud
920 2720 1036 2779 lllraetos
1057 2727 1087 2777 ct
1108 2721 1261 2793 diligenter

111 2831 294 2894 curaturum,
328 2843 362 2882 nc
384 2824 513 2903 fortassis
535 2826 588 2882 iste
610 2826 748 2883 transitus
769 2825 829 2882 sive
850 2841 950 2896 passus
972 2842 1023 2897 per
1042 2827 1260 2898 pt·actlcas·crl·

112 2936 248 3000 peretur;
270 2940 335 3000 post
357 2946 423 2986 roro
445 2934 461 2986 l
477 2936 527 2986 aut
545 2934 562 2986 5
580 2929 641 2987 dics
656 2928 718 3004 (ubi
734 2929 844 2986 seilicet
859 2945 930 2985 mere
945 2932 1064 2987 sarcinae
1078 2929 1261 3005 advenerint)

111 3036 224 3092 mittam
247 3052 340 3092 meum
356 3043 489 3106 nepotem
506 3036 534 3092 in
551 3035 683 3104 Galliam,
705 3051 756 3105 per
777 3051 860 3106 quem
883 3034 984 3091 eadem
1004 3034 1134 3092 scribom.
1166 3035 1260 3107 Quan-

112 3145 175 3196 tum
197 3139 334 3197 hactenus
354 3140 490 3212 colligere
513 3156 634 3209 possmn,
658 3139 870 3209 animadverto,
899 3139 1093 3197 lllustrissime
1114 3140 1261 3212 Princeps,

111 3245 164 3301 lios
186 3245 403 3301 bonosltlraetos
418 3245 532 3301 niinime
550 3261 736 3302 correnssuros
758 3260 820 3301 csse
841 3245 926 3302 alteri
947 3261 1060 3315 passum
1084 3261 1135 3302 seu
1157 3246 1261 3300 transi-

111 3354 183 3418 tum,
205 3365 290 3420 quam
311 3350 355 3405 vel
371 3348 520 3407 Gallorum
540 3351 602 3422 regi
625 3352 669 3406 rel
690 3350 894 3408 illustrissimis
905 3349 1129 3407 celsitudinibus
1141 3351 1260 3416 Vestris,

112 3470 178 3524 ‹qnae
199 3460 278 3510 certo
300 3454 345 3509 liic
372 3459 520 3524 amantur,
552 3461 581 3509 et
605 3455 708 3511 l'ostra
729 3454 877 3512 Celsitudo
899 3456 1056 3526 praeeipue;
1088 3455 1138 3512 sed
1165 3461 1261 3512 tamen

112 3573 170 3613 non
192 3565 236 3614 est
257 3558 459 3615 remittendum
482 3556 625 3630 quippiam
648 3557 684 3615 de
705 3557 864 3628 diligentia,
886 3559 953 3630 quia
974 3566 1055 3614 satan
1071 3574 1127 3614 non
1146 3558 1260 3629 dormit,

112 3669 143 3718 ct
164 3662 301 3734 imprimis
315 3663 402 3735 Papa,
426 3665 474 3734 qui
496 3662 572 3720 lraud
595 3662 682 3720 dubie
704 3679 805 3734 parum
827 3663 994 3734 religionem
1017 3668 1107 3732 curat,
1130 3663 1180 3719 sed
1203 3677 1261 3718 ma·

111 3767 157 3837 gis
179 3773 211 3823 nt
231 3769 289 3823 suis
312 3766 463 3836 nepotilms
485 3772 514 3822 et
535 3766 746 3824 sirccessoribns
767 3766 913 3838 relinquat
934 3771 1026 3823 totum
1042 3767 1114 3822 lrune
1129 3770 1260 3835 tractum,

111 3871 161 3943 qui
183 3877 229 3928 est
249 3890 266 3928 a
287 3872 349 3928 lacu
372 3869 540 3941 Brigantiae
562 3872 622 3928 sire
645 3870 821 3928 Constantia
848 3887 938 3942 nsque
967 3869 1003 3925 nd
1031 3870 1122 3926 laeum
1144 3868 1259 3925 Larium

111 3992 164 4031 seu
186 3975 369 4046 Comensem,
391 3976 444 4032 lioc
465 3977 587 4046 cogitat,
608 3975 674 4032 ideo
695 3981 763 4032 tune
785 3974 898 4031 demum
920 3973 1074 4031 excanduit
1094 3978 1193 4030 contra
1214 3987 1260 4029 me

110 4088 141 4137 nt
163 4080 297 4153 ‹piresirit
317 4078 353 4137 ad
376 4081 551 4150 martyrium,
573 4080 687 4152 qnando
708 4078 920 4146 aninradrcrtit,
941 4093 986 4134 me
1000 4077 1056 4134 istu
1070 4093 1122 4135 suo
1141 4078 1260 4136 consiliu

679 4203 693 4233 tit

187 4299 195 4349 l
219 4296 246 4349 S.
266 4313 291 4350 n.
315 4297 370 4351 122.
