2768 4740
114 260 183 313 teos
664 272 725 331 435

185 433 275 487 eittet
293 432 445 505 dringsnd,
465 436 523 490 ihm
542 436 587 489 die
606 436 675 491 reice
688 453 720 487 au
733 436 824 490 seiuer
839 437 936 495 niehte
951 459 984 495 ιιι
998 446 1151 511 gestaltsu.
1171 445 1272 501 ebeuso

111 546 159 580 um
179 527 261 583 einen
279 527 467 596 geleitsbriel.

192 644 390 703 lllustrissime
412 646 551 717 Princeps
572 654 602 704 et
622 647 745 703 Domine
766 646 890 706 Doruiue
913 651 1159 710 Olernentissime!

192 747 248 805 Vix
268 749 396 819 memini,
418 764 464 806 me
484 750 521 807 ad
536 750 715 808 clementiam
728 750 916 809 Oelsitudinis
929 752 1044 812 Vestrae
1064 758 1212 827 scripsisse
1233 759 1269 817 de

111 855 231 927 negotiu
246 852 264 918 ¹,
286 855 365 927 quod
385 855 455 913 mihi
476 872 557 929 seque
578 857 659 915 cordi
681 858 719 915 sit
738 862 825 929 etque
848 856 910 929 hoc,
932 859 970 916 do
991 876 1048 932 quo
1070 875 1145 916 nuuc
1165 861 1268 920 scribo.

111 959 211 1031 Quare
232 958 361 1031 supplico
382 975 436 1031 per
455 960 554 1017 lesum
577 959 737 1025 (iluistum,
770 961 838 1018 milti
861 978 896 1019 ne
924 969 1020 1035 neget.
1063 963 1116 1020 Est
1143 965 1211 1022 milti
1237 966 1266 1021 in

112 1076 178 1117 mea
198 1060 294 1132 pat-ria
315 1060 427 1131 neptis,
449 1061 587 1120 Ludorici
610 1069 641 1119 et
662 1062 773 1121 Aurelii
795 1079 892 1132 soror,
924 1064 960 1122 de
982 1082 1040 1137 qua
1059 1069 1127 1133 scio,
1149 1084 1195 1124 me
1215 1069 1267 1125 ali·

114 1164 229 1237 quando
249 1164 380 1221 locutum
401 1162 488 1221 luisse
509 1169 559 1220 attt
579 1163 744 1235 scripsisse;
775 1182 810 1222 eu
833 1168 894 1235 jam
920 1167 1020 1237 attigit
1039 1185 1145 1225 annom
1165 1171 1268 1227 uicesi-

113 1285 192 1327 mum
213 1270 344 1342 primum,
366 1270 512 1340 orpbuua,
531 1268 649 1340 jamque
670 1268 770 1341 incipit
791 1269 933 1328 excedere
955 1278 1085 1344 tempus,
1112 1289 1169 1344 quo
1190 1282 1265 1331 esset

112 1371 218 1446 nuptui
237 1372 396 1442 tradenda,
428 1372 589 1443 vellemque
611 1388 666 1443 ego
685 1371 716 1429 id
737 1380 885 1443 prestare.
907 1374 931 1430 si
952 1390 1081 1446 possem,
1111 1364 1266 1448 antequam

112 1492 258 1535 morerer:
288 1481 367 1534 esset
388 1476 465 1533 euim
486 1482 669 1545 persanctum
690 1492 777 1549 opus3
811 1477 952 1535 nemiuem
973 1480 1050 1535 cuim
1080 1478 1185 1539 babet.
1217 1484 1267 1552 qui

110 1578 241 1648 laceret,
272 1579 296 1635 si
318 1595 373 1650 ego
395 1594 450 1635 nou
473 1576 556 1636 facio.
598 1577 715 1635 Summa
736 1586 796 1650 est,
828 1595 873 1638 me
894 1597 1000 1653 cupere
1022 1582 1194 1655 Tergestum
1214 1586 1266 1645 ire.

111 1682 162 1739 ubi
184 1697 246 1740 rem
267 1681 446 1755 conficerem,
470 1701 525 1741 riou
547 1685 622 1742 euim
644 1700 759 1754 possum
780 1685 874 1742 aliter.
916 1685 1087 1757 Tergestum
1108 1689 1201 1745 estin
1223 1690 1266 1746 di-

111 1788 192 1845 tione
213 1788 389 1846 serenissimi
411 1789 506 1846 Caroli
520 1789 664 1847 Austriaci
677 1788 697 1859 ‘,
720 1806 774 1845 uou
797 1791 881 1860 lunge
903 1807 921 1846 a
942 1790 1066 1861 labaro,
1088 1790 1174 1849 distat
1198 1809 1266 1849 reru

110 1907 129 1948 a
150 1907 215 1950 mea
236 1893 330 1963 patris
350 1891 462 1950 duobus
484 1890 654 1948 milliaribus
681 1896 802 1949 tautum.
844 1891 907 1949 llnc
934 1892 959 1948 si
987 1908 1101 1961 possem
1129 1908 1174 1949 me
1199 1910 1266 1951 con·

111 1992 201 2064 ferre,
223 2009 379 2065 sperarem,
400 2010 445 2051 me
466 2008 549 2065 posse
568 2008 630 2051 reru
649 1991 801 2061 conticere,
823 1998 853 2050 et
873 1994 1011 2051 nouunllu
1031 1995 1184 2054 secederet
1203 1996 1266 2053 laus

113 2097 274 2171 evangelio,
296 2097 374 2170 quod
394 2095 477 2154 multi
497 2094 704 2167 intelligerent,
726 2113 770 2152 irre
799 2095 868 2152 xllt
889 2095 1002 2155 dierum
1032 2100 1090 2155 iter
1120 2113 1266 2157 emensum

112 2218 186 2269 esse,
209 2207 241 2260 ut
262 2217 324 2260 rem
344 2201 522 2259 absolverem
545 2200 607 2257 lieo
628 2201 828 2270 gratissimam.
873 2200 977 2258 l'estra
991 2200 1188 2260 illustrissima
1200 2202 1265 2261 Cel·

112 2307 210 2366 situdo
231 2312 329 2379 potest
349 2305 417 2363 mibi
439 2321 496 2363 uuo
518 2303 606 2361 uerbo
632 2319 691 2360 rem
720 2303 881 2361 absolutam
908 2305 1050 2363 reddere.
1082 2307 1105 2361 si
1132 2306 1265 2365 videlicet

112 2411 286 2483 dignaretur
305 2409 344 2467 ad
364 2410 578 2468 serenissimum
600 2408 735 2466 carolum
755 2407 902 2477 scribere,
932 2420 964 2465 nt
994 2409 1064 2465 mibi
1093 2410 1264 2467 concederet

112 2514 223 2573 selvam
243 2514 432 2585 conductum,
455 2531 512 2587 que
533 2514 639 2585 possim
661 2514 689 2569 iu
711 2528 835 2582 persuum
855 2511 997 2569 accedere
1017 2511 1120 2568 saltem
1141 2530 1193 2584 per
1212 2515 1265 2570 ali·

113 2588 183 2692 quot
203 2620 390 2692 septimanas.
433 2617 504 2674 Nam
524 2615 679 2689 polliceor,
707 2629 752 2669 me
773 2630 911 2671 summam
933 2612 1102 2670 modestiam
1130 2622 1159 2670 et
1180 2614 1265 2671 silen-

113 2726 184 2782 tium
215 2725 252 2782 de
290 2723 408 2795 negotio
445 2721 594 2792 religionis
631 2702 819 2776 servaturum.
868 2717 922 2773 Eia
953 2717 1043 2788 igitur
1072 2716 1266 2775 illustrissime

114 2827 261 2900 Princeps,
282 2845 319 2886 ue
339 2832 427 2898 neget
446 2824 515 2881 milri
536 2823 685 2881 Serenitas
707 2822 810 2879 l'estru
832 2838 903 2879 rem.
924 2838 1011 2894 quam
1031 2822 1165 2879 desirlero
1185 2832 1265 2880 tento

113 2933 199 2991 animi
219 2930 336 3002 affectu,
357 2936 466 3002 (pusulo
486 2925 594 2985 nullam
616 2926 684 2991 scio,
707 2942 752 2982 me
774 2924 914 2981 hacteuus
935 2932 1063 2996 optasse.
1085 2925 1189 2997 adjuro
1209 2926 1263 2985 ite·

115 3054 177 3095 rum
202 3050 255 3108 per
274 3034 376 3093 desum
404 3030 568 3099 Christum,
599 3045 644 3087 me
672 3030 769 3087 onmia
796 3045 906 3086 summu
933 3030 1048 3086 cautela
1075 3040 1264 3101 peracturum.

116 3140 211 3212 Quare
230 3154 310 3211 rogo,
331 3153 368 3195 ue
389 3152 482 3195 meam
497 3134 667 3208 petitionem
683 3133 820 3205 deneget,
841 3150 936 3204 spem,
949 3150 1078 3204 unguem
1094 3134 1186 3191 lteliae
1200 3152 1264 3207 par·

115 3252 172 3303 tem
199 3242 382 3301 laudaturum
404 3242 536 3299 Vestram
558 3238 767 3298 celsitudinem
799 3238 836 3293 ob
863 3237 916 3294 huc
943 3248 1001 3295 tam
1029 3246 1156 3295 muctam
1183 3254 1264 3309 opus.

113 3349 258 3420 Exspecto
278 3346 409 3415 litteras,
436 3361 508 3417 quus
535 3354 651 3415 egenter.
678 3342 782 3401 sellem
810 3342 887 3400 lerre
910 3358 1000 3414 usque
1020 3356 1109 3413 prope
1129 3342 1264 3413 oppidum

114 3451 225 3519 Graets,
247 3450 324 3524 quod
346 3466 405 3509 nou
426 3448 511 3520 longe
531 3446 616 3505 abest
635 3464 654 3504 a
673 3446 831 3517 'tergeste
860 3445 984 3518 indeque
1005 3446 1149 3503 mitterem
1169 3458 1264 3504 certat

113 3570 262 3630 personas,
282 3569 348 3627 quse
368 3552 565 3611 illustrissimo
584 3550 732 3609 archiduei
752 3550 964 3621 consignarent.
984 3565 1078 3621 quem
1100 3558 1132 3607 ut
1153 3552 1265 3623 opinor.

113 3676 176 3721 rem
191 3668 251 3721 tam
261 3661 369 3733 justam
383 3659 414 3716 iu
427 3657 549 3729 gratiam
560 3654 723 3729 presertim
738 3654 940 3712 lllustrissimae
954 3652 1141 3711 l'elsimdiuis
1156 3654 1267 3711 l'estre

113 3772 313 3827 recusaturum
333 3764 382 3823 six
403 3762 548 3827 existimo.

193 3868 268 3943 Quid
287 3868 313 3929 sl
333 3866 452 3927 intem
469 3880 584 3939 qnoque
596 3866 706 3925 sarum
715 3866 745 3923 i
758 3862 880 3923 eandem
892 3864 1065 3921 settle-utiam
1083 3860 1266 3917 serenissime

185 4036 196 4090 t
217 4034 244 4089 s.
264 4050 292 4089 ιι.
312 4032 376 4087 uus.
465 4028 496 4085 a
530 4004 534 4011 '

180 4120 379 4191 ihbmog
396 4116 481 4183 tul,
974 4112 999 4158 b.
1024 4108 1118 4163 tiluli
1142 4111 1225 4161 lete.
1254 4118 1269 4157 ἰ

118 4209 260 4279 treguas
279 4206 370 4269 roeo.
399 4202 473 4263 nu
1058 4196 1147 4251 taen.
1177 4193 1268 4247 unu.

116 4294 297 4359 seimus,
315 4292 402 4349 eun
