2768 4740
115 267 185 324 1555
672 274 713 336 85

122 440 275 502 Colsitodo
304 441 443 514 dignetur
473 443 639 515 recordari,
666 441 743 516 quod
771 443 800 501 iu
822 440 1031 515 supplicatione
1052 443 1106 503 luit
1127 446 1272 519 scriptum,

117 548 208 620 ipsam
229 545 444 606 celsitudinem
466 549 599 607 Vestram
619 547 734 607 nouisse
755 562 856 606 eorum
876 553 988 620 patrem
1009 548 1039 606 iu
1060 548 1163 609 Gallia.

194 651 343 724 Dignatur
363 653 451 711 etiam
473 651 621 711 recordari
638 650 706 711 boni
723 650 802 710 illius
815 651 892 711 serui
908 658 939 711 et
951 654 1072 712 membri
1083 655 1154 715 Jesu
1165 653 1272 715 Obrlsti

116 761 146 815 at
164 754 313 827 martyris,
335 757 385 829 qui
405 771 459 829 per
479 755 633 815 duodecim
653 772 744 815 auuos
764 755 876 829 patitur
897 757 1069 818 deterrimos
1082 775 1213 819 carceres
1233 759 1271 819 ob

116 857 327 919 confessionem
349 860 529 933 ‚evangelica
557 858 707 928 veritatis3
737 876 791 932 pro
819 877 853 919 eo
882 859 1032 921 Celsitudo
1060 862 1165 923 Vestra
1193 879 1270 924 auno

120 966 193 1022 1553
215 979 316 1023 meuse
330 962 430 1023 Julio¹
450 963 510 1022 suis
531 963 637 1023 litteris
652 963 729 1037 apud
749 962 849 1022 ducem
862 963 1005 1023 Veneturo
1021 964 1193 1026 intercessit.
1214 967 1269 1028 llic

119 1076 205 1128 eruut
226 1069 362 1141 colligata
383 1068 516 1142 exauupla
535 1083 634 1126 earum
655 1073 686 1127 et
706 1069 793 1127 etiam
814 1069 1009 1141 responsionis
1029 1068 1119 1142 ipsius
1133 1070 1161 1130 d.
1175 1071 1266 1131 ducis.

117 1173 272 1247 Agendum
303 1179 382 1232 esset
413 1173 450 1233 de
480 1173 534 1232 boo
564 1189 628 1231 oum
658 1178 773 1232 oratore
802 1173 999 1242 Venetorum,
1030 1174 1270 1247 quemadmodum

119 1277 271 1338 celsitudo
282 1279 388 1337 Vestra
401 1294 453 1351 pro
465 1294 517 1336 sua
534 1276 687 1335 clementia
707 1276 778 1335 mibi
799 1276 873 1336 dixit
892 1276 1046 1351 aliquando
1066 1296 1098 1337 se
1118 1277 1269 1340 lactumm.

121 1385 158 1442 Et
178 1383 248 1457 quia
268 1381 330 1455 ipse
358 1387 457 1440 orator
482 1380 569 1441 babet
596 1388 726 1454 patrem,
759 1397 815 1454 quo
844 1380 874 1438 iu
901 1387 965 1440 tota
989 1365 1139 1457 republica
1159 1384 1272 1444 Veneta

123 1486 218 1546 uullus
238 1486 334 1557 major
355 1483 466 1557 existit,
498 1485 543 1543 cui
571 1499 674 1543 nomeu
695 1485 842 1556 Stephano
863 1485 1009 1558 Teupolo,
1041 1485 1194 1545 dicendum
1215 1489 1273 1547 erit

122 1589 234 1652 oratori
254 1589 313 1648 tale
335 1587 471 1647 verbum:
512 1587 577 1647 Scio
598 1588 622 1646 si
643 1595 727 1660 pater
748 1595 814 1647 tuus
834 1590 967 1662 voluerit,
988 1589 1103 1649 forent
1124 1590 1269 1651 obtineam

125 1694 328 1754 liberationem
350 1692 427 1751 illius
441 1691 548 1766 captiui
563 1700 618 1752 eto.
630 1699 684 1751 eto.
712 1692 770 1751 Oro
786 1698 924 1752 arternum
939 1701 1051 1767 patrem
1063 1695 1169 1755 domiui
1180 1697 1271 1756 nostri

124 1801 195 1860 lesu
218 1796 337 1867 Christi,
359 1804 391 1855 ut
411 1795 514 1871 spiritu
535 1813 587 1857 suo
607 1795 684 1856 adsit
699 1797 872 1857 Celsitudioi
891 1799 1005 1858 Vestras
1024 1803 1082 1858 tam
1103 1806 1202 1860 sancta
1221 1819 1271 1861 ue-

120 1906 198 1979 gotia
219 1901 368 1962 tractanti.
408 1903 510 1960 Amen.

664 2181 733 2241 171).

117 2309 298 2387 Sohreiben,
323 2310 381 2375 das
403 2309 521 2396 herzog
544 2307 719 2394 Christoph
744 2314 782 2374 31
808 2309 875 2376 Juli
904 2317 985 2377 1553
1008 2334 1072 2378 uon
1096 2312 1267 2400 'l‘iibingsn

358 2445 399 2488 au
423 2422 484 2487 den
507 2421 621 2509 Dogen
646 2446 709 2489 ron
731 2422 880 2509 Venedig
903 2425 1028 2491 sandle.
1125 2443 1129 2451 ·

189 2534 242 2590 Die
260 2533 433 2605 froilassung
451 2550 505 2590 rou
524 2533 628 2590 Baldus
646 2550 701 2590 uon
720 2535 832 2592 Albona
849 2535 1014 2592 bomoffaud.

194 2631 368 2703 Exemplum
389 2632 553 2691 litterarum
574 2631 759 2692 illustrissimi
782 2633 918 2707 principis
936 2633 1210 2708 Wmtembergeusis
1231 2636 1268 2694 ad

117 2736 142 2794 d.
165 2736 268 2795 duram
290 2737 489 2794 venetiarum.

196 2841 328 2899 Primum
347 2841 526 2913 gratulamur
545 2839 702 2900 Dilectioni
718 2842 839 2915 vestre,
861 2860 925 2916 quae
944 2850 1010 2918 post
1030 2845 1135 2902 multos
1154 2843 1270 2904 labores

118 2944 287 3018 reipublicae
307 2945 467 3018 praestitos,
500 2951 530 3003 et
551 2944 587 3002 ob
608 2944 714 3004 Vestra
734 2946 892 3019 singularia
911 2949 940 3006 iu
962 2963 1025 3007 eam
1045 2950 1148 3007 merita
1167 2956 1270 3009 euecta

117 3049 156 3109 sit
166 3051 195 3109 iu
207 3050 296 3108 istum
308 3051 512 3123 amplissimum
523 3048 673 3123 diguitatis
682 3050 817 3122 gradum3
831 3054 1120 3126 rogamusqueDeum
1131 3055 1270 3128 optimum

118 3158 275 3214 maximum
287 3161 374 3228 atque
386 3156 449 3228 ejus
463 3154 599 3213 dilectum
609 3154 698 3214 filium
710 3157 811 3215 lesum
820 3155 963 3216 (lbristum
974 3157 1119 3218 domiuum
1130 3166 1269 3231 nostrum,

118 3266 150 3318 ut
170 3259 366 3319 Dilectioueru
389 3259 520 3318 Vestram
541 3259 650 3319 diutius
675 3266 772 3318 servet
799 3262 969 3322 incolumem
997 3268 1027 3322 et
1051 3266 1135 3336 juvet
1161 3267 1191 3322 iu
1218 3264 1269 3323 ad·

117 3363 312 3424 ministranda
331 3362 493 3435 republica,
516 3371 546 3423 et
566 3364 608 3423 ita
626 3365 721 3437 juvet,
743 3370 777 3423 ut
796 3364 927 3439 inprimis
947 3366 1041 3441 gloria
1062 3369 1141 3441 eJ'us,
1161 3368 1267 3428 deiude

117 3470 223 3543 patriae
245 3469 358 3527 Vestrae
380 3474 411 3527 et
430 3467 520 3527 totius
542 3467 700 3528 Christiani
719 3469 798 3530 orbis
818 3476 1020 3544 consequatur.
1060 3473 1093 3531 ln
1120 3472 1175 3531 bac
1198 3490 1268 3532 uero

115 3571 286 3633 felicissima
313 3571 460 3630 creatione
488 3571 594 3630 Vestra
621 3572 855 3646 quandoquidem
884 3573 1006 3635 adamus
1037 3577 1142 3637 multos
1172 3579 1268 3639 solere

112 3677 224 3752 gratias
243 3681 347 3751 patore
367 3681 455 3750 atque
477 3677 642 3749 impetrare,
664 3694 716 3736 uos
737 3679 825 3737 etiam
842 3678 952 3753 aliquid
966 3687 1068 3755 potere
1081 3681 1267 3755 destinamus,

114 3789 144 3841 et
157 3781 368 3854 impetraturos
386 3796 448 3841 esse
465 3797 622 3854 speramus.
651 3781 753 3854 Neque
768 3782 940 3842 auderemus
954 3800 972 3842 a
986 3784 1149 3844 Dilectione
1163 3787 1268 3845 Vestra

112 3893 142 3944 et
161 3887 200 3945 ab
221 3887 280 3945 ista
301 3884 407 3944 eximia
422 3884 572 3959 republica
591 3884 737 3959 quippiam
753 3891 864 3960 petere,
886 3887 941 3947 uisi
961 3886 1044 3948 uobis
1064 3889 1171 3948 conscii
1191 3904 1267 3947 esae-

112 4006 190 4063 ruus,
220 4007 274 4048 uos
295 3991 419 4049 vicissim
439 3996 556 4064 paratos
577 4007 641 4050 esse
663 4006 771 4050 morem
800 4009 917 4065 gerere,
945 3994 970 4050 si
990 4010 1048 4067 qua
1073 3992 1185 4052 occasio
1213 3993 1266 4051 ali-

112 4095 229 4170 quaudo
253 4093 406 4169 incideret,
428 4112 484 4170 qua
498 4112 646 4168 possemus
659 4097 753 4156 eidem
764 4097 876 4157 Vestrae
887 4096 1043 4156 Dilectioni
1058 4104 1088 4156 st
1101 4095 1267 4170 reipublice

680 4221 697 4256 a

182 4316 197 4370 1
219 4312 248 4368 s.
266 4312 308 4368 or.
327 4329 354 4368 a.
375 4313 417 4368 ιτ.
437 4314 469 4369 17
477 4314 505 4401 n.
524 4313 582 4368 unu
600 4331 623 4370 ο.
