2768 4740
656 263 719 323 275

644 507 733 567 1181).

191 635 388 694 illustrissimo
408 635 547 710 Princeps
568 643 598 695 et
620 639 741 697 Domine
761 638 885 697 Domine
906 638 1153 699 clementissimo!

191 738 314 812 Quidam
336 740 438 798 nobilis
459 740 560 799 Gallus
575 741 646 800 Mori
661 741 842 800 Monuoisins
864 742 947 819 (mihi
966 743 1140 820 incognitus)
1161 743 1263 804 scribit

111 843 151 902 ad
171 859 217 901 me
229 843 400 917 Argentina,
421 845 499 916 quod
518 845 599 903 illum
614 846 720 905 littoris
736 861 877 904 excusem.
907 847 1010 912 Incidit
1025 848 1144 906 enimin
1159 847 1263 908 febrim

112 964 168 1007 nec
188 955 286 1022 potest
306 948 343 1007 nd
365 948 498 1007 Vestram
519 948 742 1009 Illustrissimam
763 949 971 1009 Celsitudinem
998 952 1159 1023 peruenire.
1195 951 1266 1025 Spe·

112 1060 161 1111 rut
181 1058 278 1112 tamen
299 1053 357 1112 cito
374 1043 470 1127 posse.
511 1053 585 1112 Puto
614 1071 676 1114 esse
704 1057 837 1126 missum,
868 1056 920 1113 sed
946 1056 1043 1114 nescio
1063 1072 1081 1114 a
1101 1072 1167 1128 quo.
1208 1055 1266 1115 Ubi

113 1155 313 1229 Stutgardiam
334 1157 455 1225 venerit,
477 1159 574 1216 ueniet
594 1175 658 1216 cum
679 1158 729 1217 illo
750 1175 907 1231 generosus
929 1158 956 1216 d.
980 1175 1075 1216 comcs
1094 1175 1113 1216 a
1132 1157 1266 1217 Thiene¹

113 1262 214 1321 Italus.
256 1261 332 1333 Quin
354 1267 384 1319 ct
404 1278 449 1319 me
471 1268 563 1334 rogat,
586 1268 616 1319 ut
637 1262 749 1320 veniam
768 1262 850 1334 ipse,
879 1262 996 1335 inquum
1017 1262 1137 1332 Gallus,
1169 1263 1266 1321 nescio

113 1373 221 1437 tamen,
242 1366 312 1438 quid
332 1363 448 1438 faciam3
475 1381 532 1423 uon
553 1365 619 1423 novi
641 1364 686 1438 (ιιι
708 1365 779 1440 dixi)
801 1366 961 1438 homiuem,
983 1382 1053 1438 uec,
1079 1382 1132 1424 cur
1151 1381 1197 1424 me
1219 1382 1266 1425 ve-

114 1468 160 1540 lit,
180 1470 251 1528 scio.

195 1574 300 1632 Missus
321 1577 368 1630 est
388 1573 425 1631 ad
445 1587 491 1630 me
512 1571 616 1629 nobilis
636 1570 727 1630 ltulus
745 1587 763 1629 a
782 1570 919 1631 frutribus
940 1572 1118 1646 quibusdem,
1141 1573 1191 1645 qui
1210 1589 1268 1631 una

116 1684 230 1737 tantum
251 1687 334 1736 nocte
356 1689 468 1737 mecum
486 1677 591 1736 mansit
608 1684 637 1736 ct
652 1677 784 1736 discessit
796 1694 890 1737 mane.
911 1677 962 1736 Ait
973 1678 1004 1736 in
1018 1694 1136 1750 summa,
1151 1675 1266 1750 iratres

117 1787 166 1859 qui
187 1787 303 1844 suntin
324 1785 424 1857 ltalia,
450 1784 575 1842 audiisse
596 1783 721 1856 aliquid,
750 1784 826 1856 quod
847 1789 952 1855 agatur
972 1783 1008 1841 de
1028 1799 1074 1842 me
1096 1783 1267 1841 Tridentum

117 1890 255 1949 vocando.
296 1889 392 1960 Quare
419 1906 471 1962 pro
494 1889 616 1948 caduce
637 1888 795 1947 christiana
815 1905 860 1946 me
882 1892 1000 1946 mouent
1020 1903 1074 1959 per
1092 1887 1268 1960 peculiarem

117 1993 163 2067 (ut
184 1992 256 2067 dixi)
278 1991 423 2062 nuntium,
455 1997 488 2049 ut
509 2007 624 2050 cereum
644 1989 716 2047 mibi
736 2005 754 2047 a
774 1989 920 2048 cardinale
941 1991 1101 2050 Mentuaum
1114 1989 1140 2060 '‚
1162 1992 1210 2065 qui
1231 1992 1269 2049 sit

116 2098 234 2155 omnino
255 2097 284 2154 in
305 2096 461 2168 reprobum
482 2111 596 2154 sensum
617 2095 702 2153 datus
725 2101 754 2153 ct
774 2093 866 2153 fectus
892 2095 982 2155 Judas
1002 2103 1053 2156 aut
1071 2098 1202 2156 diabolus
1223 2096 1269 2173 (ut

117 2202 225 2269 solent,
247 2204 295 2275 qui
316 2203 443 2274 agnitum
464 2203 616 2261 veritatem
637 2201 769 2276 negant).
810 2201 880 2259 Haec
900 2201 968 2273 luit,
988 2203 1120 2275 iuquam,
1149 2217 1267 2272 summa,

117 2325 175 2380 qua
196 2310 279 2367 dere
294 2308 441 2380 colloquar
455 2325 518 2366 oum
534 2307 638 2364 Vestra
652 2306 848 2365 Illustrissima
863 2307 1048 2378 Celsitudine,
1070 2307 1094 2364 si
1113 2306 1269 2364 advenero.

196 2412 284 2471 Mitto
304 2413 501 2486 paraphrasim
520 2412 551 2469 in
571 2411 712 2484 psalmum
731 2412 897 2470 secundum.
930 2411 1054 2485 Spiritus
1068 2411 1179 2469 Vestrae
1201 2409 1268 2466 lllu·
1332 2484 1338 2494 ,

118 2517 270 2576 strissimae
292 2515 478 2575 (lelsitudinis
499 2516 635 2574 excitavit
662 2531 756 2573 meum
777 2517 925 2589 spiritum,
956 2523 989 2574 ut
1015 2532 1078 2572 eam
1104 2513 1268 2573 scriberem.

116 2622 212 2680 Facta
240 2620 315 2679 enim
347 2618 402 2677 fuit
429 2619 465 2677 dc
493 2636 528 2678 eo
556 2618 666 2692 psalmo
692 2619 799 2678 mentio
826 2619 857 2677 in
877 2636 985 2678 mensa.
1027 2616 1201 2676 Commendo
1223 2632 1268 2674 me

116 2727 212 2786 eidem
227 2724 400 2785 celsitudini
411 2724 522 2782 Vestrae
542 2728 720 2790 reverenter.
753 2722 887 2781 Goelestis
902 2722 991 2781 Pater
1011 2727 1117 2793 augeat
1136 2720 1179 2778 illi
1200 2735 1267 2778 suos

118 2832 234 2890 diuinos
254 2830 413 2900 thesauros,
435 2828 566 2901 spiritum
588 2832 618 2884 et
637 2823 724 2882 fidem
744 2840 797 2896 per
811 2824 956 2883 Christum
970 2821 1115 2882 dominum
1128 2830 1266 2882 nostrum.

198 2937 306 2994 Datum
326 2933 466 3005 Tuhingue
487 2931 534 2989 die
555 2933 574 2988 3
593 2929 719 3003 Augusti
742 2931 826 2987 1561.

664 3201 729 3257 119.

431 3336 554 3423 Verger
576 3357 619 3400 an
641 3333 759 3419 herzog
782 3331 967 3415 Christoph.
1010 3377 1015 3385 -

476 3466 627 3541 Thbiugeu
652 3467 687 3524 10
707 3467 822 3538 August
844 3466 929 3522 1561.

191 3585 395 3654 Entschnldigt
420 3586 470 3640 das
494 3585 740 3641 nichterscheiuen
768 3585 818 3639 dec
842 3581 1059 3652 angemcldeten
1085 3579 1212 3636 fremdcn
1241 3579 1273 3648 (s.

120 3699 146 3736 u.
174 3681 227 3736 118
246 3697 264 3735 s
282 3679 341 3734 und
359 3679 389 3748 b)
418 3680 476 3733 und
503 3680 632 3734 wilnscht
658 3679 745 3733 selbst
774 3677 842 3732 bald
869 3677 923 3731 den
951 3677 1053 3746 herzog
1078 3675 1213 3745 rprechen
1240 3691 1273 3726 zu

120 3778 247 3832 konnen.

200 3872 397 3932 Illustrissime
418 3871 558 3942 Princeps
578 3876 608 3928 et
628 3869 752 3926 Domino
773 3867 896 3926 Domine
917 3865 1161 3926 clementissime!

199 3980 259 4038 Res
278 3979 309 4037 in
330 3995 396 4036 eum
417 3975 531 4035 modum
552 3990 582 4034 se
603 3973 705 4033 habuit
725 3987 837 4044 reuera,
858 3972 935 4044 quod
956 3986 1113 4044 generosus
1134 3969 1161 4027 d.
1178 3982 1274 4027 comes

698 4105 713 4138 ’b

198 4218 210 4269 l
230 4216 258 4269 S.
280 4233 308 4269 n.
328 4214 372 4268 86.

192 4304 209 4357 2
229 4301 256 4357 S.
278 4320 306 4357 n.
325 4301 368 4355 88.
