2768 4740
115 284 184 343 1500

111 426 312 518 celebritatem
333 461 456 518 nominis
476 460 682 520 illustrissima
699 461 883 522 Celsitudinis
901 464 1021 536 Vestrae,
1042 472 1186 538 tamquam
1207 467 1264 523 sin·
1342 515 1351 534 ,

111 562 222 633 gularis
235 563 373 636 praecipui
388 569 419 621 et
431 565 527 623 eximii
542 565 670 624 ecclesiae
687 567 751 635 Dei,
773 569 936 626 litterarum
951 575 981 627 et
1000 567 1118 638 pietatis
1139 568 1263 637 nutricii,

112 668 228 740 patroni
250 674 281 724 et
301 665 470 726 defensoris.

191 767 274 827 Inter
294 770 355 827 bac
375 776 471 829 autem
493 773 614 843 privata.
636 771 796 831 domestica
817 781 847 832 et
867 773 1037 832 scholastica
1058 776 1174 846 negotia
1188 790 1264 833 com·

112 872 219 930 mendo
241 880 271 930 et
290 874 348 931 alia
370 872 427 932 duo
448 875 543 933 civilia
564 883 594 934 et
613 876 733 947 politica
752 877 847 949 magni
868 877 1004 935 momenti
1020 876 1056 935 ad
1072 877 1193 951 gloriam
1209 877 1264 936 Dei

114 981 144 1034 et
164 975 202 1034 ad
224 978 463 1050 tranquillitatem
484 979 651 1051 reipublicae
670 996 846 1053 magnopere
870 983 1055 1053 pertinentia.
1077 999 1191 1042 oausam
1211 985 1265 1043 sci·

113 1081 183 1138 licet
203 1081 370 1155 nuptiarum
391 1085 638 1143 serenissimorum
660 1086 788 1145 Poloniae
810 1085 950 1145 laniantum
964 1087 989 1157 ¹,
1018 1087 1123 1145 deinde
1150 1104 1264 1146 cansam

113 1183 193 1243 leudi
222 1185 343 1246 ducatus
369 1187 514 1253 Prussiae,
546 1204 611 1260 quae
642 1205 697 1247 non
728 1189 821 1246 miuus
852 1189 889 1246 ad
917 1191 1010 1261 ipsum
1041 1189 1265 1248 illustrissimam

115 1290 241 1349 Prussiae
263 1291 381 1362 duceni,
411 1309 495 1363 quam
517 1291 553 1349 ad
574 1293 757 1364 majestatem
778 1294 900 1364 regiam,
929 1291 1073 1349 dominum
1094 1308 1188 1350 rueum
1208 1293 1265 1351 cle·
1374 1296 1382 1313 ‘

116 1396 335 1466 amentissimum,
356 1398 491 1467 pertinet.
522 1395 587 1454 Non
604 1406 649 1455 est
668 1401 765 1455 autem
786 1413 857 1469 opus
878 1397 914 1453 de
935 1395 1054 1467 singulis
1074 1395 1119 1453 bis
1138 1398 1266 1455 materiis

115 1500 203 1571 longa
221 1493 385 1571 scriptione,
403 1500 634 1574 quandoquidem
646 1501 778 1559 domiuus
788 1501 945 1572 Vergerius
956 1516 1052 1558 coram
1064 1500 1159 1572 latius,
1175 1499 1266 1559 fusius

115 1611 147 1662 et
168 1603 304 1664 disertius
326 1605 529 1663 illustrissimae
551 1604 722 1663 celsitudini
759 1605 869 1663 Vestrae
901 1603 1070 1677 explicabit,
1099 1620 1183 1675 quem
1209 1620 1266 1662 una

115 1724 181 1766 cum
204 1709 258 1766 boc
279 1710 421 1767 servitore
443 1727 506 1767 meo
519 1710 690 1768 Baltbasaro
708 1709 860 1767 lielrualdt
880 1708 1064 1778 auctoritate,
1085 1709 1266 1780 promotione

116 1816 147 1867 et
168 1810 288 1869 consilio
313 1827 365 1869 suo
391 1812 493 1882 juvare
521 1811 707 1884 dignabitur,
738 1817 770 1869 ut
795 1813 845 1869 illa
869 1810 984 1882 quidem
1011 1818 1092 1869 tauto
1117 1812 1202 1871 eitius
1227 1812 1264 1871 ad

118 1911 253 1972 effectum
275 1914 471 1987 perducatur,
503 1917 558 1972 ista
585 1930 652 1975 vero
680 1917 722 1973 ita
749 1921 910 1985 tractetur,
942 1917 983 1974 ita
1004 1915 1064 1973 olto
1084 1918 1266 1989 sapientique
1354 1994 1357 1999 1

115 2019 238 2078 oonsilio
255 2018 332 2076 illius
352 2034 387 2077 ac
402 2019 576 2077 auctoritate
592 2019 767 2087 moderetur,
789 2036 825 2077 ue
842 2017 994 2091 quidinde
1010 2021 1047 2078 ad
1063 2020 1266 2092 rempublicam

116 2129 148 2181 et
168 2122 206 2181 ad
225 2139 403 2182 communem
423 2124 662 2196 tranquillitatem
683 2123 908 2195 perturbandam
931 2124 1095 2183 redundare
1115 2125 1203 2197 possit
1217 2123 1266 2182 de·

116 2225 259 2284 trimeuti.
291 2226 373 2297 Quod
394 2233 494 2297 restat,
515 2244 566 2285 oro
587 2228 732 2286 dominum
749 2229 850 2299 Deum,
872 2244 929 2300 quo
950 2229 1155 2288 illustrissimae
1177 2227 1265 2287 Celsi-

115 2330 211 2389 tudini
235 2330 347 2389 Vestrae
374 2330 539 2389 diuturnam
560 2332 786 2391 incolumitatem
808 2348 871 2391 esse
892 2333 962 2390 velit
982 2339 1012 2391 et
1032 2333 1157 2391 omnium
1178 2333 1265 2391 bona·

115 2451 179 2493 rum
211 2433 383 2493 felicitatum
413 2435 581 2509 participem
609 2435 706 2494 iaciat.
755 2435 839 2494 Data
865 2437 956 2494 Vilnae
984 2436 1042 2493 Illl
1062 2436 1163 2494 Martii
1191 2453 1266 2495 oliuo

118 2539 233 2597 Domini
256 2539 378 2597 MDLX.

203 2642 407 2701 illustrissimae
429 2640 615 2700 Gelaitudinis
637 2640 747 2707 Vestra
768 2642 891 2698 servitor
911 2640 1177 2700 observantissimus
1286 2699 1298 2720 ,

900 2726 1037 2804 ululans
1056 2743 1186 2802 mutarn

958 2867 1043 2908 mauu
1069 2866 1129 2908 sua.

658 3133 695 3187 93
706 3147 732 3187 a.

320 3251 448 3337 Herzog
471 3251 645 3336 christoph
669 3274 712 3317 an
735 3251 896 3316 Nikolaus
920 3249 1075 3314 Radaivil.

497 3381 643 3456 Stuttgart
663 3384 701 3440 20
721 3382 789 3441 Juni
814 3383 897 3439 1560.

191 3502 322 3556 Antvvort
340 3501 392 3556 aui
408 3520 434 3557 n.
454 3503 496 3558 93.

191 3594 417 3665 Abgeschrieban
436 3614 485 3652 aua
503 3597 602 3663 Moser,
624 3615 707 3653 naues
725 3597 924 3668 patriotisobes
943 3595 1038 3651 archiv
1060 3596 1096 3661 11,
1115 3599 1157 3650 54.

190 3690 243 3746 Die
260 3691 369 3747 minute
387 3691 438 3747 auf
454 3692 518 3748 dem
537 3693 680 3750 lucrabis
699 3693 729 3749 ia
748 3694 903 3763 Stuitgart.

200 3790 325 3849 illustris
346 3793 480 3864 princeps
501 3797 531 3850 et
552 3794 642 3851 amico
664 3794 747 3852 nobis
768 3792 890 3852 dilecte!

199 3894 263 3953 Etsi
284 3902 370 3953 antea
390 3913 584 3967 sapreunmero
605 3896 800 3955 audiverimus
820 3903 850 3954 et
872 3913 907 3954 ex
921 3895 1019 3954 multia
1035 3884 1149 3951 indiciis
1164 3907 1269 3965 coguo-

120 3999 255 4071 emimus,
277 4017 334 4073 quo
354 4000 450 4058 animo
471 4007 634 4074 quantaque
654 4000 764 4074 pietate
780 3999 887 4059 Vestra
902 3999 1026 4058 Dilectio
1048 4012 1143 4056 veram
1165 4001 1195 4054 et
1214 3996 1271 4052 ain·

119 4117 216 4162 earam
237 4104 395 4166 doctrinam
415 4106 565 4179 religionis
577 4107 774 4180 amplectatur,
795 4111 892 4164 maren
906 4118 982 4162 nnnc
995 4101 1100 4159 clarior·
1113 4114 1148 4158 ox
1159 4099 1271 4156 Vestra

689 4224 706 4261 ἢ

194 4318 421 4373 lama&

1003 4406 1061 4462 15·
