2768 4740
118 278 196 366 1554¹
306 385 311 394 ἱ
666 319 730 381 453

117 486 257 561 princeps
277 484 319 543 illi
342 488 503 546 consultum
524 488 637 562 cupiat,
669 488 759 548 habet
781 491 945 550 mansiones
965 491 1086 564 multae,
1116 495 1145 552 in
1168 494 1271 568 quibus

116 607 186 650 eum
207 592 343 660 collocet,
373 597 405 649 nt
425 593 542 653 interim
564 594 644 655 locus
664 600 772 653 sanctae
791 596 897 670 lingum
917 595 1055 656 docendae
1074 599 1271 659 exercitatiori

114 703 147 756 et
167 695 322 756 celebriori
345 695 439 755 detur.
480 699 551 757 Rem
573 704 663 759 toturn
692 700 808 760 audisti.
850 702 989 759 Dominus
1009 701 1094 762 lesus
1120 704 1212 776 spiret
1237 706 1267 763 in

113 817 165 861 cor
185 808 276 873 tuum,
297 806 330 860 ut
350 799 438 861 iacias
460 803 672 878 berreplacitum
694 808 766 878 ejus.
799 805 830 864 Si
846 805 975 877 videtur,
1004 823 1101 881 quaere
1115 808 1190 881 istic,
1211 825 1267 881 quo

114 907 144 965 iu
164 912 243 965 statu
263 922 310 964 res
330 907 368 965 sit
389 912 419 964 et
439 925 495 982 qno
522 911 616 968 animo
644 909 854 968 illustrissimus
873 911 1022 984 princeps,
1051 919 1130 971 certo
1151 886 1267 987 plurimi

115 1028 152 1070 ex
172 1010 321 1070 ecedemie
336 1009 507 1083 Argentinm
528 1011 597 1068 milri
611 1011 800 1070 Emanuelem
820 1011 902 1078 illum
916 1013 1111 1087 maximopere
1126 1033 1266 1076 commen-

115 1115 203 1183 dant,
230 1114 393 1189 presertim
421 1115 584 1188 apietate3
616 1115 675 1172 rari
703 1117 733 1173 in
758 1130 794 1173 ea
821 1114 920 1188 lingua
949 1118 1126 1180 excellentes
1146 1121 1200 1179 viri
1220 1138 1266 1180 re-

114 1220 277 1294 periuntur,
299 1225 328 1278 et
349 1219 372 1278 si
394 1218 510 1293 quando
531 1226 681 1293 apparent,
701 1236 759 1279 non
780 1227 848 1280 sunt
868 1220 1032 1295 deserendi.

195 1327 231 1385 D.
253 1324 357 1383 Petrus
377 1323 504 1383 Martir¹
531 1325 636 1384 iterum
659 1326 829 1399 Argentinae
850 1342 948 1386 sacrae
968 1327 1083 1388 litteras
1102 1329 1264 1405 profitetur.

195 1433 230 1491 D.
251 1429 470 1505 Bullingerius'
490 1430 579 1489 mittit
599 1431 652 1491 tibi
674 1431 750 1491 dono
770 1432 892 1502 librum,
914 1450 999 1506 quem
1020 1433 1144 1508 videbis,
1166 1436 1266 1495 scribit

116 1537 154 1596 ad
175 1553 231 1610 me,
251 1541 284 1595 ut
305 1551 402 1595 ornem
424 1552 527 1594 munus
548 1535 652 1609 verbis,
672 1545 703 1596 at
724 1538 793 1611 quid
814 1538 906 1612 opus?
926 1536 1070 1600 lacessant
1090 1544 1264 1602 ceremoniae

116 1642 197 1700 inter
216 1639 330 1699 fratres.
371 1639 485 1699 Salutat
505 1648 534 1698 te
555 1648 635 1701 certe
656 1648 787 1700 amanter
808 1650 838 1702 et
858 1651 1036 1704 reverenter.

194 1745 260 1804 Dux
281 1743 537 1804 Florentinorum⁸
556 1743 637 1802 dedit
657 1742 745 1803 filiam
767 1747 869 1818 nuptui
890 1750 988 1821 nepoti
1010 1747 1119 1820 Papo*
1139 1748 1264 1823 alioquin

112 1850 251 1926 ignobili,
272 1850 323 1909 sed
343 1849 381 1910 ob
402 1851 555 1909 immensas
575 1849 692 1909 divitias
713 1857 743 1910 et
762 1851 942 1925 impietatem
963 1851 1053 1912 nobili
1074 1853 1166 1926 iacto;
1196 1869 1262 1926 per·

91 1955 167 2016 sdat
187 1954 263 2015 enim
283 1955 433 2014 Dominus.

136 2064 139 2069 ’
193 2059 274 2120 Obiit
301 2031 425 2134 tyranno
452 2060 612 2118 Turcarunr
640 2060 735 2119 adbuc
765 2060 840 2119 ullus
869 2062 961 2134 tilius3
990 2060 1135 2121 affirment
1166 2076 1264 2121 verum

112 2164 204 2224 inisse
226 2164 262 2224 de
283 2163 439 2236 Mustapha
459 2165 653 2239 primogenito
673 2162 829 2225 interiecto
849 2167 978 2239 parentis
995 2168 1087 2240 jussu.

194 2268 337 2343 Oppidum
357 2268 451 2329 estin
473 2283 543 2342 apro
556 2266 686 2338 Senensi,
707 2267 753 2325 cui
768 2282 871 2327 nomen
883 2268 911 2327 S.
922 2268 1066 2329 Florentii
1074 2267 1095 2341 ⁸,
1115 2268 1170 2328 hoc
1189 2285 1265 2328 nnnc

111 2375 236 2436 Gaeseris
256 2376 399 2434 exercitus
419 2371 533 2432 obsidet
554 2377 584 2432 et
604 2372 704 2431 Gallus
724 2378 809 2445 parat
829 2389 860 2432 ae
882 2373 919 2433 ad
939 2372 1151 2434 liberationem.

190 2481 235 2540 De
257 2479 362 2553 Augila
382 2479 475 2538 adbuc
495 2495 578 2552 spes,
606 2493 662 2536 non
688 2482 733 2536 est
753 2476 922 2538 abbreviata
942 2495 1042 2538 manus
1062 2480 1194 2552 Domini,
1219 2485 1263 2538 tc·

110 2591 169 2645 tem
190 2583 277 2644 audio
298 2583 469 2644 tumultuari
491 2589 521 2641 et
542 2597 667 2641 renuere
684 2586 853 2641 extraneum
869 2598 967 2656 regem
982 2589 1013 2644 et
1026 2585 1167 2658 papistica
1180 2599 1264 2644 sacra

111 2687 279 2750 restituten‘.

191 2795 263 2856 Vale
284 2800 315 2854 ct
335 2794 423 2865 selue,
444 2792 664 2852 honoratissime
685 2789 791 2864 irater,
814 2807 874 2861 oro,
891 2793 963 2865 Juva
983 2809 1029 2852 me
1049 2793 1109 2852 tuis
1129 2793 1263 2866 precibus

111 2900 188 2976 apud
210 2900 356 2959 dominum
377 2899 470 2958 Deum
496 2902 641 2968 nostrnm;
670 2895 714 2956 illi
743 2913 797 2971 ego
825 2899 912 2956 etiem
943 2898 998 2957 boc
1019 2898 1134 2958 nomine
1154 2898 1263 2970 gratias

110 3021 225 3081 semper
244 3022 308 3078 ego,
330 3003 407 3078 quod
427 3019 472 3061 me
493 3002 523 3062 in
544 3004 693 3077 perpetuis
714 3002 874 3063 studiorum
894 3003 1057 3078 laboribus,
1079 3004 1179 3080 quales
1198 3008 1262 3063 toto

111 3126 199 3171 cursu
219 3111 285 3171 vitm
306 3126 378 3169 meae
399 3126 455 3169 non
475 3109 614 3181 sustinui,
641 3107 760 3181 pulchre
788 3115 947 3179 sustentat,
979 3110 1088 3170 utinam
1108 3109 1177 3169 talia
1196 3125 1263 3183 pro-

109 3218 209 3278 veniet
228 3215 349 3288 tractus,
370 3215 419 3289 qni
438 3214 560 3285 gloriam
582 3214 645 3285 ejus
665 3212 809 3272 illustret!

190 3320 330 3394 Tubingae
352 3320 398 3378 die
420 3321 458 3376 26
479 3317 633 3377 Februarii
655 3319 739 3375 1554.

1015 3423 1182 3496 Vergerias.

679 3543 694 3576 it

186 3645 198 3697 l
219 3643 248 3698 S.
266 3661 295 3698 n.
316 3643 374 3697 123.

180 3731 244 3786 28.
264 3749 291 3785 n.
311 3731 368 3785 111.

180 3821 198 3874 3
216 3816 334 3874 (losimo.
371 3818 404 3872 N.
427 3818 484 3872 141.

179 3906 306 3962 ileliae
325 3905 374 3970 ΙΙΙ,
392 3923 413 3960 s.
432 3925 458 3959 n.
479 3907 538 3960 165.

119 4030 122 4039 ⁴
178 3995 194 4047 5
214 3991 380 4047 Santiorino.

176 4082 193 4134 6
213 4079 296 4135 Nach
316 4079 380 4135 dem
399 4080 465 4135 tede
478 4080 606 4135 Eduards
621 4080 657 4135 Vl
676 4081 732 4136 und
752 4081 802 4136 der
821 4077 1077 4153 throubeeteignng
1095 4095 1149 4133 von
1168 4076 1259 4135 Maria

102 4167 202 4206 mnan.
