2768 4740
652 270 710 330 381

660 518 724 575 17].

415 646 538 732 Verger
561 670 603 711 un
627 648 743 733 herzog
767 648 952 733 Ohris’ooph.

474 769 625 842 Tdbingen
647 773 683 828 31
705 770 787 829 Mirr
810 773 893 829 1563.

183 881 377 936 Naohrichten
396 898 446 936 aus
466 880 564 943 Polou,
585 878 730 944 Rullland,
753 879 893 943 Preussen;
918 883 1005 934 etwas
1024 898 1078 934 von
1097 879 1261 942 Scolichiua,

115 979 177 1032 dem
199 977 326 1032 cardinal
346 994 398 1031 von
419 977 536 1031 Mantua
555 976 612 1029 und
631 976 692 1030 dem
714 993 766 1030 vou
787 976 968 1047 Lolhringen.

191 1076 388 1134 illustrissime
405 1073 548 1145 -Prinoeps
569 1082 599 1133 et
622 1073 742 1132 Domine
764 1075 886 1132 Domine
908 1074 1153 1133 clementissime!

190 1180 261 1238 Cum
281 1180 433 1238 advenerit
455 1180 618 1238 exPrussia
639 1177 807 1237 tabellarius
828 1178 959 1253 leratquo
980 1180 1016 1236 ad
1030 1179 1161 1238 Vestram
1171 1178 1262 1236 Celsi·
1331 1167 1333 1172 ⁴

111 1283 241 1342 tudinem
254 1269 376 1356 litterae,
399 1302 455 1342 non
477 1292 557 1356 puto,
579 1300 695 1342 necesse
717 1300 790 1354 esse,
812 1283 870 1342 ulla
887 1301 961 1342 nova
976 1282 1172 1352 oonsc1·ibere;
1194 1284 1262 1355 quid

110 1389 186 1446 enim
208 1405 264 1447 non
286 1389 422 1448 scribitur
442 1388 478 1447 ad
499 1387 598 1446 illam?
631 1389 727 1448 Pauca
741 1397 837 1449 tamen
854 1395 941 1462 atque
962 1405 998 1447 eo
1018 1391 1163 1462 precipuo
1184 1404 1261 1459 qum-

111 1493 176 1550 dam
198 1495 346 1566 attingam.
599 1556 600 1559 Ἴ

191 1599 278 1656 Dicta
299 1598 438 1656 Polonica
459 1597 586 1656 noudum
607 1605 671 1656 erat
691 1599 833 1668 absoluta,
855 1597 906 1656 sed
927 1598 1066 1656 hacteuus
1087 1598 1181 1670 magni
1202 1613 1262 1656 mo·

112 1703 203 1759 urenti
229 1703 375 1775 negotium
403 1700 614 1773 perfecerunt·
645 1702 715 1760 Cum
747 1703 823 1760 euim
851 1703 879 1760 d.
903 1702 1006 1760 Poloui
1033 1703 1111 1760 soliti
1140 1700 1262 1759 luissent

111 1811 236 1878 quatuor
256 1814 286 1865 et
307 1807 432 1879 quinque
453 1809 650 1877 capitaneotus
678 1807 738 1863 sive
769 1803 956 1877 praefecturas
982 1805 1088 1876 singuli
1110 1821 1258 1878 usurpare,

114 1928 191 1968 nuno
212 1911 359 1969 decretum
381 1917 434 1981 est,
456 1917 488 1969 ut
508 1910 613 1983 singuli
634 1910 719 1968 unica
739 1909 797 1967 sint
816 1910 954 1967 conteuti.

191 2015 360 2074 Moscovitae
380 2015 417 2072 ad
440 2016 515 2070 100m
538 2014 711 2086 etamplius
738 2013 885 2071 ciuitatem
915 2013 943 2068 iu
965 2012 1100 2070 Lituanio
1120 2011 1262 2082 obsident,

111 2123 158 2178 cui
180 2137 283 2178 nomen
305 2127 349 2177 est
363 2119 521 2190 Plozoscki,
543 2135 607 2191 quse
629 2120 667 2174 40
688 2117 847 2176 miliaribus
863 2117 946 2174 Vilna
960 2118 1051 2176 abest.
1083 2117 1262 2189 QuoreJussi

112 2231 180 2283 sunt
197 2226 328 2297 juniores
348 2230 379 2280 et
399 2223 528 2281 seniores
548 2222 665 2281 Lituani
686 2223 715 2280 in
736 2222 844 2280 bellum
864 2222 958 2293 abire,
987 2227 1075 2294 atque
1105 2238 1164 2280 una
1184 2221 1262 2293 pala·

113 2331 191 2387 tinus
212 2329 356 2386 Vilnensis
370 2327 387 2384 ¹.
429 2325 582 2385 Affirmant
603 2329 688 2399 enim,
709 2343 849 2385 summum
872 2343 935 2384 esse
955 2327 1124 2400 periculum,
1148 2344 1184 2385 ne
1205 2327 1262 2400 ipsi

113 2435 281 2493 Mosoovitae
301 2433 415 2491 irruant
435 2432 566 2490 ulterius.
596 2431 748 2491 Discordia
768 2439 813 2490 est
832 2434 910 2490 inter
925 2431 1064 2490 Lituanos
1084 2438 1114 2489 et
1127 2431 1262 2490 Polonos.

192 2539 404 2597 Illustrissimus
419 2537 544 2595 Prussim
565 2539 698 2610 princeps
719 2536 899 2595 commendat
920 2535 989 2594 milri
1010 2538 1116 2594 iterum
1130 2536 1171 2594 M.
1183 2536 1263 2595 Wei-

113 2643 220 2716 geliom
234 2641 253 2700 ².
295 2641 352 2701 Sed
380 2642 497 2700 aliunde
518 2641 587 2699 milri
607 2640 797 2714 significatur,
828 2642 909 2700 illum
935 2641 982 2700 vix
1002 2641 1185 2713 Regiomonti
1213 2657 1261 2700 ex·

113 2747 287 2822 cipiendum.

192 2853 226 2910 In
250 2852 346 2911 animo
367 2851 459 2910 habeo
476 2854 582 2925 pascha
606 2853 777 2912 manducare
792 2870 857 2912 oum
877 2852 1061 2911 llustm'ssima
1082 2850 1260 2910 Celsitudine

112 2958 221 3016 Vestra
241 2957 278 3032 (si
299 2958 380 3015 Deus
400 2958 550 3034 voluerit).
592 2958 656 3016 Non
677 2975 769 3030 pauca
789 2959 865 3016 enim
893 2956 1004 3029 habeo,
1031 2973 1095 3030 qum
1122 2973 1186 3016 ourn
1213 2956 1265 3014 illa
1324 3014 1329 3028 ,

114 3060 272 3120 conseram.
304 3062 375 3119 Nam
397 3061 456 3131 ille,
478 3062 527 3133 qni
547 3077 579 3118 ae
593 3075 691 3132 regem
704 3058 783 3132 lucit,
804 3057 986 3119 Scaliohius³
1006 3059 1143 3118 maximas
1164 3057 1265 3118 turbas

114 3173 222 3224 movet.
263 3165 495 3239 Comporuerunt
514 3182 610 3234 eorum
631 3166 825 3224 illustrissimo
846 3165 975 3239 principe
1001 3163 1039 3223 ad
1059 3165 1267 3237 quinquaginta

114 3271 237 3342 nobiles,
259 3272 307 3344 qui
329 3269 501 3330 Scaliohium
522 3278 701 3342 accusarunt,
722 3271 770 3344 qui
791 3287 821 3330 se
844 3269 932 3329 iaciat
952 3286 1033 3342 euni,
1064 3269 1113 3342 qui
1134 3285 1190 3327 nou
1212 3275 1266 3340 est,

114 3375 263 3447 comiteur,
291 3374 428 3434 baronem
449 3382 480 3433 et
502 3375 623 3434 Veronae
645 3376 803 3447 dominum,
832 3376 990 3449 auditaque
1010 3371 1065 3432 fuit
1085 3390 1187 3444 causa,
1214 3373 1266 3432 sed

115 3481 241 3538 nondum
263 3479 402 3538 absoluta.
434 3479 553 3537 Interim
574 3480 623 3539 ille
644 3487 745 3539 contra
766 3479 895 3538 dominos
908 3480 1035 3538 Venetos
1046 3477 1175 3537 libellum
1197 3479 1266 3538 emi·

112 3586 170 3652 sit,
202 3584 406 3657 insimulutque
434 3585 615 3644 crudelitatis
636 3593 666 3643 et
686 3585 858 3658 tyrannidis.
904 3584 965 3644 Neo
991 3583 1109 3642 interim
1135 3582 1267 3656 pepercit

114 3691 193 3758 milri,
216 3688 308 3748 edidit
329 3692 405 3747 enim
427 3690 531 3749 librum
552 3696 653 3748 contra
674 3705 719 3748 me
740 3706 866 3763 quoque,
890 3707 945 3748 non
967 3696 1141 3763 provocatus
1161 3694 1266 3746 umen.

115 3793 180 3852 Non
203 3794 314 3868 dubito,
336 3795 406 3868 quin
427 3794 627 3852 Illustrissima
648 3792 798 3852 Celsitndo
812 3793 919 3851 Vestra
937 3793 975 3851 sit
994 3793 1064 3851 mihi
1085 3804 1264 3861 concessura,

113 3899 144 3956 id
166 3899 243 3971 qood
264 3901 344 3958 Deus
365 3908 394 3959 et
422 3906 526 3958 natura
554 3898 703 3970 coneedit,
734 3898 789 3957 hoo
817 3905 861 3957 est
881 3895 1078 3958 defensionem
1098 3895 1265 3954 modestum.

686 4039 701 4070 ’l‘

189 4141 201 4192 l
222 4140 250 4195 S.
270 4158 296 4195 n.
316 4143 358 4195 46.

186 4227 203 4278 2
222 4226 249 4279 S.
268 4245 296 4280 n.
317 4231 376 4283 ltu,

185 4314 203 4366 3
221 4313 249 4366 S.
267 4331 293 4367 n.
313 4316 355 4368 64.
378 4315 461 4370 lata.
