2768 4740
658 263 717 324 221

645 521 738 582 1560.

666 691 712 748 90.

419 819 543 906 Verger
566 842 609 884 an
631 820 748 906 herzog
773 818 958 906 christoph,

178 955 262 1013 'Ohne
281 961 325 1013 ort
343 957 401 1011 und
420 957 532 1020 datum
557 954 624 1009 mnll
644 954 715 1011 ende
733 956 814 1025 April
834 957 902 1012 1560
920 957 1103 1028 gesohrieben
1122 960 1197 1026 sain.
1226 961 1263 1017 da

111 1053 160 1108 der
178 1053 255 1108 brief
269 1056 287 1108 4
305 1053 362 1108 llai
380 1052 409 1106 in
429 1049 563 1106 Wildbad
582 1052 735 1121 prasoniirt
754 1051 856 1106 wurde.

184 1149 313 1220 Kuudigt
329 1149 407 1204 seina
423 1145 539 1217 baldige
558 1146 681 1201 ankunlt
699 1147 728 1201 in
747 1147 959 1220 Wltrttemborg
976 1167 1022 1205 an.

192 1247 388 1306 lllustrissime
410 1245 548 1317 Princeps
568 1251 599 1302 et
619 1245 741 1303 Domine
763 1245 885 1304 Domine
906 1244 1150 1308 clementissime!

191 1352 260 1410 Sum
280 1353 310 1409 iu
331 1353 377 1409 via
397 1349 513 1409 rediens
533 1348 571 1408 ad
586 1348 811 1408 Illustrissimam
822 1348 1030 1410 celsitudinem
1044 1352 1176 1412 Vestram
1196 1355 1261 1430 (per

112 1457 169 1514 Dei
189 1456 327 1533 gratiam)
348 1472 432 1529 spero
453 1462 566 1525 autem,
596 1470 641 1513 me
662 1471 718 1513 uon
746 1457 832 1514 inane
860 1471 954 1527 neque
979 1454 1186 1518 infructuosum
1207 1477 1260 1535 pro

115 1561 267 1633 evangelio
288 1563 344 1618 iter
363 1559 476 1618 iecisse.
517 1558 596 1616 Fero
623 1561 699 1617 enim
724 1576 781 1617 non
807 1561 884 1619 leuia
904 1562 1021 1634 negotia
1040 1563 1109 1621 mihi
1130 1564 1165 1622 ab
1186 1565 1261 1639 ipso·

112 1672 173 1724 met
183 1666 357 1724 Polonorum
376 1664 465 1738 1131ι
486 1663 660 1722 demandata
680 1680 738 1721 una
750 1681 815 1722 oum
831 1681 890 1722 suae
904 1666 1065 1737 maJestatis
1079 1667 1116 1725 ad
1128 1667 1260 1728 Vestram

113 1769 321 1829 celsitudinem
340 1768 448 1826 litteris
469 1784 524 1826 uon
541 1768 626 1826 modo
647 1767 834 1826 illustrissimi
847 1768 967 1841 palatini
984 1768 1157 1843 Vilnensis'‚
1179 1775 1261 1846 cujus

112 1875 205 1933 habeo
225 1890 336 1933 mecum
357 1872 480 1931 eundem
501 1872 627 1946 legatum
641 1871 671 1943 ⁸,
700 1873 750 1943 qui
776 1873 908 1944 proxima
934 1875 1084 1943 superiore
1110 1881 1210 1935 aestate
1231 1877 1260 1935 in

113 1979 297 2038 Germaniam
323 1984 443 2038 venerat
470 1994 533 2037 oum
562 1977 704 2036 mandatis
731 1983 762 2036 et
787 1976 955 2035 muneribus
979 1976 1017 2035 ad
1038 1978 1170 2038 Vestram
1192 1980 1260 2038 lllu·
1339 1960 1344 1970 ¹

113 2084 281 2143 strissimam
297 2083 515 2155 celsitudinem,
536 2082 606 2156 quin
626 2082 719 2141 habeo
739 2081 926 2141 illustrissimi
946 2099 1060 2156 quoque
1078 2083 1159 2142 ducis
1174 2084 1262 2145 Prus-

114 2190 166 2248 sire
187 2192 322 2263 legatum.
362 2189 423 2248 Has
443 2189 589 2264 praemitto
609 2204 662 2262 per
684 2189 810 2261 equitem
832 2186 977 2246 linarium
997 2204 1104 2261 nsque,
1124 2189 1209 2260 unde,
1230 2197 1263 2249 ut

112 2311 213 2368 spero,
234 2296 395 2381 mittentur.
435 2295 498 2367 Ego
520 2310 576 2352 non
597 2309 712 2367 possum
733 2292 863 2352 celerare
885 2310 941 2351 uon
961 2292 1047 2352 modo
1071 2299 1190 2365 propter
1210 2295 1262 2350 im·

113 2398 309 2473 pedimentat
330 2416 394 2472 quae
415 2416 526 2457 mecum
541 2398 613 2457 veho
629 2398 713 2457 homo
728 2414 825 2467 senex,
846 2398 898 2455 sed
919 2398 987 2470 quia
1007 2396 1099 2456 habeo
1120 2397 1156 2454 ad
1177 2414 1261 2470 quos·

113 2503 180 2562 dam
199 2502 407 2560 illustrissimos
427 2502 588 2561 Germania
608 2502 753 2574 principes
778 2501 814 2560 ab
843 2501 944 2560 eodem
973 2501 1156 2559 serenissimo
1176 2500 1262 2560 Polo·

113 2623 215 2666 norum
228 2623 297 2679 rege
317 2607 460 2667 mandata.
493 2607 728 2666 commendoms
745 2606 949 2667 Illustrissimae
966 2604 1137 2664 celsitudini
1148 2605 1261 2663 Vestrae

114 2718 293 2771 reverenter.
333 2711 422 2770 Pater
449 2712 576 2771 coelestis
603 2719 709 2785 augeat
734 2712 777 2770 illi
807 2719 836 2771 et
857 2713 911 2770 toti
931 2716 1037 2770 sancte
1060 2707 1176 2769 familie
1196 2725 1263 2768 suos

114 2815 226 2873 divinos
246 2814 406 2882 thesauros,
427 2815 557 2886 spiritum
578 2820 609 2872 ot
628 2813 713 2872 fidem
732 2830 785 2887 per
803 2813 945 2873 Christum
960 2814 1105 2873 domiuum
1120 2819 1258 2872 nostrum.

173 2916 312 2987 Ejusdem
334 2915 538 2976 illustrissimae
559 2914 743 2974 Celsitudinis
766 2914 876 3008 Vestrae
897 2920 1020 2978 servitor
1040 2935 1077 2978 ex
1096 2918 1192 2976 animo

1016 3021 1182 3094 Vorganius.

666 3284 712 3341 91.

425 3404 547 3491 Verger
570 3427 613 3470 an
635 3404 752 3491 herzog
775 3403 958 3489 Christoph.

187 3530 264 3587 Ohne
282 3534 381 3588 datum
400 3533 455 3587 und
475 3536 532 3598 ort;
552 3532 617 3588 muli
637 3534 759 3603 aniangs
773 3534 829 3589 lllai
851 3534 919 3588 1560
938 3531 1119 3603 gesohriebeu
1137 3535 1207 3599 sein,
1226 3535 1264 3590 da

117 3645 145 3682 er
164 3628 202 3682 im
221 3627 326 3684 Malim
345 3628 480 3685 Wildbad
500 3630 652 3700 prasentirt
670 3630 773 3685 wurde,

187 3740 292 3809 Verger
311 3741 399 3797 bittet
418 3761 463 3798 um
481 3743 544 3799 eine
562 3743 745 3813 empiehlnng
769 3743 813 3796 fdr
838 3743 935 3798 seimon
959 3741 1052 3797 nellen
1071 3743 1203 3798 Aurelius
1227 3761 1263 3799 au

115 3836 168 3891 den
188 3837 275 3908 lrdnig
295 3855 348 3893 von
368 3838 502 3902 Bdhmou,
522 3838 614 3894 damit
632 3854 662 3894 er
681 3838 710 3892 iu
731 3837 814 3893 Wien
833 3837 974 3893 studioren
993 3837 1095 3892 konne.

681 3966 696 3998 ’l‘

185 4040 246 4179 ig.
266 4041 306 4180 hi.
326 4059 353 4180 h.
373 4041 416 4181 ii.
452 4128 558 4197 Verger
576 4145 634 4182 war
653 4127 696 4182 bei
717 4126 846 4183 Radaivil
864 4127 894 4182 in
917 4126 1010 4181 Wilna
1028 4140 1164 4196 genesen.

185 4217 201 4265 3
220 4213 372 4268 Ballhaear
393 4212 516 4269 hewald.

186 4305 201 4353 l
221 4301 326 4369 Verger
346 4301 462 4356 braohte
481 4301 545 4356 dem
563 4301 666 4372 herzog
685 4301 864 4356 bedentende
882 4297 1040 4368 gerohenhe
1054 4297 1112 4362 mit,
1133 4317 1154 4353 s.
1168 4298 1206 4354 br.
1222 4301 1264 4355 93.
