2768 4740
122 237 191 295 1555
672 244 730 306 105

119 414 235 474 mimam
261 413 300 474 ad
327 430 373 472 me
402 430 438 474 ex
459 415 545 474 Italia
571 431 589 472 5
618 415 680 472 viro
705 413 865 487 prudente3
897 420 943 473 eet
970 415 1086 473 omnino
1111 412 1220 489 aliquid
1240 414 1271 472 in

120 532 173 588 ea,
204 516 281 592 qood
303 517 359 575 erit
378 515 540 575 habendam
562 515 599 574 ob
619 515 717 574 oculos
739 515 909 574 durantibus
934 518 978 577 bie
1002 519 1133 578 comitiis.
1173 518 1270 580 Audio

120 621 267 695 expectari
293 620 330 679 ad
358 619 446 679 litore
465 619 558 678 ltaliae
580 619 633 678 XL
654 621 789 678 triremes
809 619 886 694 regis
907 619 1073 683 Galliarum.
1113 622 1198 682 Pax¹
1218 623 1269 684 ad-

119 730 173 789 huc
192 734 345 800 tractetur,
365 728 419 787 sed
439 742 496 785 non
517 743 621 800 magna
641 743 700 799 spe.

197 832 336 892 Obtestor
361 831 569 891 celsitudinem
595 833 729 892 Vestram
757 849 810 906 per
828 833 927 893 lesum
949 832 1111 905 christum,
1139 838 1172 892 ut
1199 833 1270 892 velit

119 953 181 997 esse
202 953 313 996 memor
333 937 454 997 duorum
482 938 659 1012 captivorum
690 939 875 997 innocentum
888 937 908 997 ⁸.
949 937 1123 998 Commendo
1150 953 1196 995 me
1222 953 1269 996 55-

119 1045 264 1102 verenter.

195 1171 374 1246 Stutgardiae
394 1172 493 1232 XVIII
512 1172 613 1233 Menti
635 1173 721 1233 1555.

1025 1303 1189 1377 Vergerius.

656 1574 728 1631 265.

624 1718 765 1806 Beilage.

189 1874 309 1943 Zeitung
327 1891 377 1928 aus
395 1875 472 1931 Rom
510 1862 584 1930 Uber
603 1874 648 1930 die
666 1875 840 1947 belegerung
860 1893 915 1931 voa
933 1875 1016 1932 Stena
1042 1875 1099 1930 und
1118 1876 1172 1931 deu
1191 1876 1267 1932 iibri-

122 1985 175 2041 355
192 1968 453 2040 krIegssehsuplata
468 1969 499 2026 in
519 1971 628 2028 ItaIIen.

443 2093 545 2152 Romae
566 2092 614 2152 die
636 2096 671 2153 19
691 2093 823 2153 Januarii
847 2093 931 2152 1555.

194 2198 266 2258 Cum
286 2199 398 2258 decima
419 2205 448 2258 et
469 2198 620 2257 undecima
640 2199 772 2258 Ianuarii
799 2204 865 2258 octo
886 2196 1051 2257 bombardis
1070 2196 1172 2272 positis
1190 2200 1267 2259 inter

119 2310 227 2377 portam
248 2304 354 2364 ovilem
374 2310 404 2363 et
424 2302 519 2362 divum
533 2303 720 2364 Franctsoum
736 2303 864 2363 marchio
878 2303 1110 2376 Marignenensb
1124 2302 1265 2363 Senonum

118 2406 358 2481 oppugnatIouem
384 2421 538 2479 aggressus
565 2411 657 2478 esset,
685 2406 773 2465 ettam
801 2407 858 2465 250
878 2405 979 2479 globos
1000 2413 1076 2466 esset
1096 2409 1266 2481 ejaculatus,

118 2510 163 2571 die
186 2512 221 2568 12
242 2511 452 2584 expectabatur
476 2510 562 2583 longe
589 2509 789 2569 vehementior
815 2501 1006 2585 oppugriatIo,
1039 2517 1071 2569 et
1096 2512 1133 2568 25
1155 2513 1207 2569 aut
1227 2513 1265 2570 30

117 2616 287 2677 bombardae
307 2617 398 2690 priori
417 2631 537 2675 numero
557 2614 706 2674 addendas
727 2613 892 2686 putabatur.
925 2615 967 2673 At
985 2613 1158 2674 bombardae
1178 2617 1264 2674 nocte

117 2728 230 2782 avectae
250 2725 281 2781 et
300 2726 380 2780 retro
400 2720 540 2780 abductos
554 2737 656 2782 versus
666 2721 824 2780 exercitum
833 2720 1100 2779 animadverterunt
1111 2719 1265 2794 senenses,

117 2831 146 2884 et
165 2825 234 2885 inde
253 2831 356 2898 postes
376 2840 475 2885 versus
495 2830 592 2885 metra
621 2842 656 2885 ec
684 2826 861 2886 munimenta
887 2840 992 2897 magne
1021 2825 1173 2884 celeritate
1197 2840 1265 2896 pro·

116 2946 229 3003 pressas
250 2945 324 2988 5555.
364 2929 437 2988 Item
458 2931 603 2988 exercitus
623 2929 686 3001 ille,
714 2930 763 3003 qui
783 2928 813 2987 in
834 2945 936 3002 eampo
957 2944 1009 2988 555
1029 2929 1157 2989 tentoria
1176 2927 1265 2988 babe-

116 3035 178 3108 bat,
200 3036 230 3093 in
250 3034 428 3093 munimenta
448 3039 478 3093 et
504 3041 600 3094 eastra
620 3052 652 3094 se
673 3035 800 3107 recepit,
828 3035 910 3107 cujus
930 3040 1010 3093 certe
1031 3034 1143 3094 reditus
1163 3050 1197 3094 ac
1217 3048 1265 3092 ve-

115 3141 168 3199 luti
188 3139 265 3215 togae
287 3141 393 3198 nullam
414 3140 557 3199 Seneuses
579 3156 693 3198 oausam
714 3138 860 3199 habebant
881 3140 1067 3213 exploratam.

192 3245 265 3303 Item
295 3259 331 3302 ex
357 3244 535 3305 Montachno
560 3245 707 3319 scribunt,
739 3245 898 3305 Adrianum
923 3245 1093 3318 Baglionem
1121 3262 1186 3304 cum
1213 3262 1265 3306 suo

114 3349 250 3426 praesidio
271 3349 301 3409 iu
322 3349 513 3424 LunigIanam
533 3353 680 3424 regionem
701 3349 862 3423 protectum
884 3367 962 3424 csse,
988 3357 1018 3410 et
1038 3356 1146 3424 preter·
1165 3353 1266 3424 ingen·

113 3461 172 3514 tem
189 3456 386 3527 jumentorum
406 3455 542 3527 praedam,
564 3456 662 3516 hostes
681 3458 834 3531 plurimum
856 3455 1014 3516 divexasse.

191 3559 265 3619 item
280 3560 416 3619 Aurelius
437 3561 592 3634 Fregosius
612 3561 717 3621 multos
738 3563 903 3634 capitaneos
923 3562 1123 3632 constitueret,
1144 3561 1193 3634 qui
1214 3575 1265 3634 pe·

112 3666 188 3726 dites
208 3664 314 3723 multos
334 3664 518 3738 colligerent3
541 3683 577 3725 ex
596 3681 654 3740 qao
674 3664 757 3726 facile
774 3667 930 3738 conjectori
950 3666 1028 3733 licet,
1050 3664 1264 3738 expeditionem

112 3767 239 3843 aliquam
265 3784 330 3827 esse
359 3767 533 3842 taciendam
564 3768 743 3843 potissimum
769 3780 838 3829 vero
865 3786 928 3829 cum
956 3769 1069 3830 GeIlIca
1098 3770 1197 3829 elassis
1227 3767 1264 3827 ad

110 3875 283 3936 8555555555
303 3881 426 3949 portum,
448 3877 496 3948 qui
506 3875 641 3935 Herculis
661 3875 774 3947 dicitur,
796 3877 825 3934 io
842 3875 906 3935 dies
925 3880 1103 3947 expectetur.

190 3978 265 4039 item
290 3981 397 4039 litterae
425 3996 461 4039 ex
479 3979 604 4052 Neapoli
625 3980 744 4039 Romam
774 3980 869 4039 mlesae
896 3978 1044 4047 nuntiant,
1073 3980 1107 4037 13
1129 3974 1261 4036 Jaouerii

681 4109 696 4142 *

183 4213 196 4265 l
218 4209 364 4264 Zwiscbeu
382 4209 506 4281 SpauIeu
528 4212 584 4266 und
603 4210 783 4268 I'rankreich.
820 4212 884 4282 Vgl.
903 4211 945 4264 br.
965 4229 990 4264 n.
1012 4211 1053 4264 15.

181 4298 199 4350 2
217 4295 285 4367 vgt.
303 4295 345 4350 br.
364 4314 391 4351 n.
413 4297 454 4351 tt.
