2768 4740
111 259 182 317 155⁶
657 266 716 326 107

113 450 199 510 qnam
220 439 333 507 partem
353 436 498 508 pecuuiae3
519 435 592 509 prob
604 436 658 493 Dei
674 436 920 509 omnipotentiam,
941 435 988 508 qui
1002 435 1080 507 cogit
1094 451 1144 495 nos
1164 437 1259 505 etiarn,

112 542 161 612 qni
181 545 334 600 versantur
355 541 384 598 iu
408 540 639 611 abominatione,
667 546 700 596 ut
724 542 828 612 jnvent
855 540 913 599 talo
942 555 1014 612 opus
1040 546 1142 598 contra
1169 543 1260 615 ipsam

112 643 365 703 abominationem.
412 643 537 702 Omnino
566 660 664 702 sumus
690 644 778 703 visuri
810 642 970 716 mirabilia,
1001 661 1066 718 que
1093 644 1261 716 operabitur

111 748 251 809 Dominus
271 750 374 821 spiritu
394 765 455 808 sno.

190 852 254 926 ligo
274 852 451 927 aliquantum
474 858 599 925 aegroto3
621 850 760 925 affligitur·
781 867 900 924 corpus,
927 859 959 911 ut
979 852 1183 912 corroboretur
1203 853 1260 926 spi·

112 955 201 1029 ritus;
229 955 280 1016 fiat
302 957 337 1015 de
358 973 419 1026 me,
445 957 523 1030 qnod
543 957 649 1015 bonum
671 963 715 1014 est
736 956 764 1013 in
786 956 878 1016 oculis
898 957 989 1031 ipsius
1009 957 1135 1018 coelestis
1156 958 1261 1027 Patria,

113 1061 245 1120 etiamsi
266 1078 310 1120 me
333 1061 403 1120 velit
423 1060 460 1120 ad
480 1077 512 1119 se
532 1077 644 1119 vocare.
687 1060 824 1120 Utinam!

192 1163 266 1221 Eum
294 1179 383 1235 rogo,
415 1168 447 1220 ut
473 1168 615 1236 perpetuo
643 1162 720 1222 adsit
748 1161 924 1222 Sublimitati
944 1164 1058 1224 Vestrae
1085 1166 1260 1238 pertesum

114 1270 269 1329 christum.

192 1372 369 1448 Stutgardiae
390 1372 523 1434 kalendis
542 1373 652 1447 Aprilis
673 1371 794 1431 MDLV.

1017 1476 1182 1548 vergeriun.

662 1750 709 1805 28.

423 1870 548 1956 Verger
570 1892 610 1935 au
635 1870 754 1956 herzog
776 1871 958 1957 christoph.

483 2000 629 2074 Stuttgart
651 2003 687 2059 10
708 2002 792 2075 April
815 2004 899 2061 1555.

188 2119 281 2175 Bittet
298 2138 347 2175 um
364 2121 409 2176 eiu
432 2122 528 2192 recept
552 2137 645 2191 gegeu
670 2121 725 2176 den
749 2121 838 2186 stein,
865 2140 912 2177 nnn
939 2139 968 2178 es
992 2122 1056 2178 dem
1080 2121 1182 2192 herzog
1207 2137 1261 2176 von

113 2217 232 2272 Mantua
251 2234 285 2271 au
305 2215 444 2273 echichen.

196 2314 393 2373 Illustrisnime
425 2322 455 2375 et
484 2316 732 2375 Excellentissime
763 2317 901 2388 Princeps
931 2323 962 2374 ct
988 2317 1112 2375 Domino
1139 2314 1261 2374 Domine

112 2419 345 2479 Gratiosissime!

204 2523 298 2594 Quum
334 2529 402 2583 ante
435 2527 589 2584 nonnullos
622 2542 734 2585 meuses
769 2527 903 2586 dixissem
935 2526 1107 2586 Celsitudini
1138 2525 1261 2595 Vestrae,

115 2628 143 2684 d.
173 2627 278 2686 ducem
304 2629 456 2688 Μιιιιῑιιιιιι
484 2630 594 2688 calculo
623 2630 769 2702 laborare,
797 2648 832 2690 ea
852 2631 935 2690 dedit
959 2629 1029 2688 mibi
1056 2630 1193 2700 scriptum
1214 2643 1261 2685 re·

111 2731 254 2797 medium,
281 2731 358 2805 quod
379 2731 422 2789 illi
442 2733 604 2804 mittercun;
625 2735 706 2803 misi,
736 2735 840 2794 accidit
861 2752 944 2806 vero,
966 2735 1041 2809 quod
1062 2749 1134 2792 meae
1155 2731 1261 2790 litterae

112 2836 265 2911 perierint.
296 2836 379 2905 Quod
396 2853 482 2909 quum
497 2837 536 2895 nd
550 2855 635 2896 autres
657 2840 721 2911 eJus
742 2838 927 2898 illustrissimi
948 2836 1055 2897 domiui
1074 2835 1262 2909 pervenisset,

111 2938 229 3013 scripsit
249 2954 340 3012 nuper
359 2939 397 2996 ad
418 2956 462 2997 nne
483 2956 586 3012 nempe
601 2940 648 2998 die
666 2943 703 2998 29
724 2941 834 3012 Martii,
855 2947 882 2998 et
905 2941 1026 3012 primum
1047 2938 1165 2997 mandat
1184 2935 1262 3008 mihi,

113 3051 147 3101 ut
176 3059 229 3101 suo
261 3043 376 3101 nornine
406 3059 489 3116 agam
523 3042 632 3117 gratias
663 3061 747 3117 quam
780 3046 916 3104 struximus
942 3046 1054 3103 Vestrae
1077 3040 1264 3109 celsitudini,

113 3165 177 3221 quae
205 3147 325 3220 dignata
349 3155 394 3208 est
420 3149 600 3218 aegritudinis
628 3152 691 3223 ejus
720 3165 817 3206 curam
843 3148 970 3218 habere,
1001 3148 1106 3207 deinde
1136 3149 1170 3206 ut
1199 3147 1264 3204 dili·

113 3257 218 3326 genter
238 3267 318 3311 orem
339 3268 391 3324 pro
413 3249 544 3309 remedio
564 3267 664 3310 rursus
691 3250 848 3320 mittendo;
878 3249 1003 3309 affirmat
1030 3252 1104 3308 enim
1132 3267 1195 3308 esse
1216 3264 1263 3306 ue·

112 3356 266 3425 tissimum,
287 3356 365 3429 quod
385 3373 420 3415 eo
440 3354 540 3413 morbo
561 3356 665 3414 misere
677 3356 828 3414 crucietur.
861 3353 1051 3426 Quamobrem
1065 3371 1151 3428 quum
1166 3356 1262 3423 sciam,

116 3459 250 3518 Vestram
261 3458 473 3519 Sublimitntem
488 3461 638 3533 praeditam
660 3478 723 3520 esse
743 3478 812 3520 vora
825 3460 880 3519 Dei
893 3462 1016 3519 raritate
1030 3466 1117 3534 atque
1132 3459 1264 3518 omnibus

114 3580 219 3638 cupere
240 3564 422 3633 benolncerc,
444 3565 605 3636 presertim
626 3570 684 3623 turn
705 3565 795 3624 nobili
810 3570 841 3624 et
856 3580 959 3636 magno
973 3562 1104 3635 principi,
1126 3561 1263 3635 supplico,

114 3675 146 3729 ut
166 3669 304 3741 dignetur
323 3670 365 3726 illi
377 3670 534 3729 remedium
550 3671 622 3729 illud
638 3670 856 3737 communicare,
872 3670 940 3742 quin
955 3676 1086 3742 putarem
1097 3670 1263 3727 ‘consultum

114 3782 144 3834 et
153 3775 191 3833 ad
201 3775 427 3848 promovendum
435 3776 513 3835 illius
521 3775 646 3834 animum
655 3777 777 3834 maxime
789 3776 959 3841 conducere,
971 3773 996 3831 si
1002 3774 1108 3832 Vestra
1115 3769 1264 3830 Celsitndo

114 3886 173 3938 uret
187 3880 225 3938 ad
246 3882 327 3938 illum
342 3881 472 3938 mitteret
487 3886 517 3938 et
532 3879 681 3948 scriberet,
702 3896 747 3936 me
764 3881 828 3952 ejus
843 3878 958 3937 nomino
973 3879 1099 3952 petiisse,
1120 3881 1171 3934 aut
1182 3877 1205 3931 si
1219 3889 1264 3931 se·

114 4001 163 4042 cus
178 3983 305 4054 videtur,
326 3984 437 4041 mittum
454 4000 522 4055 ego;
546 3984 597 4042 sed
612 3985 648 4042 ad
664 4000 709 4041 me
720 3986 854 4042 mittatur
869 3999 987 4043 rrecesse
999 3988 1051 4050 est,
1066 3981 1174 4038 nullum
1188 3979 1262 4037 eninr

676 4117 691 4149 ᾖ

184 4217 196 4271 1
219 4213 356 4270 Wilhelm
371 4215 511 4287 Gonzagu,
533 4218 596 4287 geb.
611 4217 686 4281 1536,
706 4217 810 4288 herzog
828 4233 883 4271 rou
896 4214 1022 4274 Mantua,
1043 4211 1110 4264 1550
1127 4208 1171 4261 bia
1189 4209 1265 4263 1573.

115 4301 356 4372 ldttglicherweise
375 4302 482 4359 tumeo
501 4303 574 4359 aucb
591 4303 726 4359 Fomenta
745 4304 879 4374 (loninge
895 4301 936 4356 br.
955 4317 984 4353 u.
1003 4299 1035 4353 15
1054 4295 1180 4368 gemeiut
1196 4295 1264 4351 sein.
